2684 4062
298 225 346 279 DE}
365 224 513 279 ERRORE
531 225 729 281 Placuerat.
749 225 825 282 cAP.
840 227 929 281 XXIV
1079 227 1122 291 63

107 414 204 472 aequa
226 396 376 472 potestate
399 394 542 468 concedit,
565 396 599 452 ut
617 397 810 471 imperatui
827 397 996 474 regnabat
1013 399 1123 471 teneat,

107 488 142 544 ut
164 488 310 560 perpetua
332 483 463 541 numinis
487 485 534 543 sui
556 486 712 542 maiestate
735 484 913 544 dominetur.
950 485 1031 544 Audi
1051 485 1123 560 quid

108 574 144 633 de
166 574 220 632 illo
239 573 417 632 Danihelem
439 572 562 647 spiritus
586 575 706 631 sauctus
728 574 848 632 iusserit
871 574 981 633 dicere:
1005 568 1123 632 ‘Vide-

107 663 186 721 bam
209 665 246 720 in
268 665 349 722 visu
371 653 476 720 nocte
501 664 535 720 et
558 679 636 720 ecce
659 662 697 719 in
719 662 874 722 nubibus
903 663 995 722 caeli
1019 664 1124 738 quasi

83 752 214 811 ofilius
241 749 395 810 hominis
432 751 579 810 veniens
611 751 713 810 venit
744 769 857 826 usque
890 753 932 810 ad
964 755 1194 817 veteremaro)

110 841 259 916 dierum,
279 843 314 899 et
332 841 438 898 stetit
456 842 492 897 in
517 843 712 916 conspectu
736 842 813 899 eius
837 842 871 899 et
890 845 951 917 qui
970 841 1123 900 adsiste·

109 930 195 989 bant
231 929 446 1006 optulerunt
482 947 571 1004 eum,
609 931 644 986 et
680 928 764 989 data
801 934 856 988 eat
892 930 923 989 oi
960 933 1123 1006 potestas

108 1021 209 1096 regia
236 1023 272 1077 et
299 1036 417 1077 omnes
445 1036 547 1095 reges
575 1019 693 1077 terrae
721 1037 784 1094 per
809 1037 919 1097 genus
948 1023 982 1078 et
1009 1021 1123 1080 omnis

109 1108 260 1168 claritas
293 1109 454 1166 serviens
492 1107 537 1181 ei,
579 1111 613 1166 et
644 1110 808 1183 potestas
845 1109 926 1166 eius
964 1112 1124 1168 aeterna

68 1214 201 1272 requae
224 1215 294 1255 non
317 1196 516 1270 auferetur,
545 1199 580 1254 et
606 1215 754 1272 regnum
778 1199 853 1256 eius
877 1216 944 1256 non
969 1216 1123 1256 corrum-

109 1281 235 1360 petur?
271 1285 354 1343 Haec
378 1285 480 1342 eadem
502 1285 589 1344 nobis
609 1282 613 1364 l
634 1288 739 1344 sancta
757 1287 938 1346 revelatione
957 1290 1122 1346 monstran-
1144 1296 1264 1354 issaar

109 1375 168 1448 tur,
195 1374 364 1434 invenimus
393 1368 531 1432 enimin
553 1373 739 1450 Apocalypsi
760 1376 805 1432 ita
828 1393 891 1434 esse
913 1375 1125 1453 perscriptumz

111 1458 167 1520 ‘Et
190 1480 384 1522 conversus
402 1457 521 1540 (sum)
544 1466 578 1521 et
600 1466 742 1539 respexi
764 1467 803 1522 ut
826 1463 982 1523 viderem
1005 1483 1125 1525 vocem

110 1571 199 1627 quae
230 1570 364 1610 mecum
395 1550 625 1626 loquebatur,
659 1555 694 1609 et
721 1551 797 1612 vidi
829 1557 964 1628 septem
997 1555 1125 1612 eande-

11 1641 17 1692 ῐ
69 1661 95 1702 1⁵
109 1640 212 1700 labra
240 1658 363 1714 aurea,
391 1643 426 1698 et
452 1640 488 1698 in
512 1640 627 1698 medio
650 1641 947 1700 candelabrorum
971 1642 1125 1701 similem

109 1730 171 1789 fili
207 1730 362 1789 hominia
395 1730 568 1788 vestitum
604 1729 785 1804 poderem,
823 1734 860 1789 et
897 1734 981 1789 erat
1017 1751 1125 1807 prae-

110 1822 251 1878 cinctus
293 1837 402 1894 supra
442 1835 609 1876 mammas
652 1837 773 1877 zonam
815 1838 974 1898 auream,
1016 1824 1126 1896 caput

108 1912 229 1968 autem
256 1908 332 1967 eiua
361 1911 395 1967 et
427 1907 556 1982 capilli
584 1910 688 1966 erant
718 1907 792 1966 albi
814 1908 915 1968 velut
937 1910 1021 1968 lana
1044 1911 1127 1969 alba
1164 1924 1168 1934 ·

109 2001 149 2056 ut
171 2000 240 2071 nix,
268 1998 365 2055 oculi
393 1998 465 2056 eius
493 1999 532 2056 ut
558 1997 705 2056 flamma
728 1997 838 2074 ignis,
862 2002 897 2056 et
919 1999 1026 2073 pedes
1050 2001 1125 2060 eiua

69 2087 248 2146 acsimiles
281 2086 464 2146 auricalco
497 2087 592 2145 sicut
619 2087 659 2143 de
687 2087 831 2145 fornace
854 2087 973 2163 ignea,
1003 2091 1037 2146 et
1060 2107 1126 2149 vox

110 2175 186 2235 eius
218 2178 257 2234 ut
290 2193 396 2233 sonus
425 2195 597 2251 aquarum
620 2176 829 2251 multarum,
853 2179 888 2235 et
910 2177 1068 2236 habebat
1090 2177 1125 2234 in

109 2265 259 2324 dextera
291 2283 355 2324 sna
387 2268 523 2339 septem
556 2264 699 2339 stellas,
732 2268 767 2323 et
795 2283 834 2321 ex
862 2285 920 2324 ore
948 2266 1026 2326 eius
1050 2267 1125 2344 gla-

109 2353 189 2414 dius
221 2373 261 2421 οξ
293 2355 447 2428 utroque
480 2356 621 2426 acutus,
655 2355 689 2411 et
711 2354 824 2413 facies
849 2354 1066 2430 splendebat
1088 2359 1127 2413 ut

110 2443 163 2501 sol
195 2442 230 2500 in
264 2442 401 2502 virtute
433 2461 503 2501 sua.
549 2443 596 2500 at
627 2461 704 2501 cum
737 2439 908 2501 vidissem
941 2443 1055 2502 cecidi
1085 2444 1127 2502 ad

69 2531 217 2609 aspedes
250 2531 325 2590 eius
353 2534 534 2606 tamquam
562 2533 738 2604 mortuus,
761 2536 795 2590 et
818 2533 983 2606 inposuit
1005 2532 1127 2592 dexte·

109 2639 184 2679 ram
207 2639 306 2679 suam
330 2638 435 2696 super
457 2639 509 2678 me
537 2620 674 2679 diceus:
701 2621 777 2678 noli
800 2620 941 2695 timere;
965 2640 1028 2699 ego
1053 2641 1127 2680 sum

200 2806 315 2861 RDan.
331 2811 448 2876 7,138q.
525 2805 560 2859 lc
581 2809 666 2876 Apoc.
682 2812 833 2873 1,12-18.

201 2967 217 3020 l
239 2969 361 3033 aequata
375 2967 421 3021 Kc
439 2968 471 3022 ol.
483 2969 535 3022 Mo
548 2971 593 3022 25.
676 2969 709 3019 ut
722 2983 810 3036 regna
823 2969 920 3022 teneat
933 2970 985 3023 Wo
997 2973 1126 3036 (regnum

111 3041 166 3094 Mu
183 3039 219 3094 Oe
233 3040 305 3099 Ha).
396 3038 414 3092 8
437 3041 519 3110 terre.
540 3038 681 3107 derogari·
702 3037 725 3091 R
743 3039 833 3092 omnia
854 3042 886 3106 P,
910 3057 957 3094 em.
974 3042 1008 3094 A.
1025 3041 1127 3111 Encel-

110 3111 199 3166 brccbt
224 3113 256 3165 ia
282 3111 408 3164 ‘Wiener
433 3110 560 3165 Studtcet'
586 3110 715 3163 XXVII
733 3114 770 3165 72
794 3128 827 3165 ec
849 3111 930 3181 Gypr.
949 3118 1006 3166 test.
1026 3114 1126 3167 1126.

131 3184 236 3236 otestar
257 3199 314 3252 reg.
330 3182 359 3236 et
376 3196 454 3252 regn.
470 3183 500 3236 et
517 3197 590 3234 omn.
606 3180 672 3234 clar.
688 3181 718 3235 et
736 3198 789 3235 om.
804 3198 862 3251 reg.
877 3185 968 3237 terrae
987 3184 1046 3237 Ha.

109 3201 129 3306 l
148 3253 272 3309 seruient
287 3256 320 3319 P,
335 3269 383 3307 cm.
399 3253 529 3323 Eccyelbr.
603 3251 641 3305 10
659 3269 713 3306 coa
726 3269 782 3306 non
791 3255 873 3322 pstor
886 3261 1018 3309 renovata
1031 3261 1128 3322 aput

58 3345 60 3350 ·
109 3325 224 3380 eidem.
300 3323 336 3377 18
356 3323 462 3396 <eum>
481 3326 538 3390 Bc,
557 3325 586 3379 et
605 3325 679 3392 (acte
696 3324 817 3394 respexi)
836 3325 887 3380 del.
901 3326 951 3380 ΓΙ.
1026 3324 1063 3379 16
1087 3324 1128 3377 fili

111 3397 140 3451 P
150 3397 207 3462 Bo,
225 3395 277 3449 filii
292 3396 351 3462 Ha,
369 3395 428 3450 filio
443 3396 493 3450 Fl.
566 3394 672 3449 uestiti
690 3395 826 3464 pudorem
842 3398 874 3462 P,
888 3414 936 3450 cm.
952 3398 1000 3451 Bc
1014 3396 1128 3466 (vestitu

109 3467 213 3537 podere
233 3468 295 3536 Fi.)
378 3467 415 3522 20
435 3464 576 3521 auricalco
596 3469 629 3532 P,
653 3465 812 3521 aurichalco
826 3485 872 3536 pr.
964 3466 1001 3522 22
1025 3483 1059 3520 ex
1080 3484 1127 3521 ore

111 3538 171 3592 eius
193 3538 288 3592 exiens
307 3540 358 3609 (cel
376 3538 481 3607 exibat)
500 3537 613 3606 gladius
632 3543 719 3591 tentat
733 3539 791 3592 Ha.
865 3537 902 3592 23
921 3537 1008 3592 facies
1022 3537 1127 3611 <eiua)

109 3627 171 3664 eum
190 3610 233 3664 Fl
246 3627 292 3678 pr.
366 3608 403 3664 24
421 3609 556 3664 vidissem
571 3609 679 3681 (eum)
694 3610 752 3663 Hc.
