2684 4062
255 219 304 273 DE
323 219 472 290 ERRORE
492 220 594 275 Paos.
609 220 689 276 ΗΕΒ.
709 219 786 275 csP.
801 219 977 273 XXI-XXII
1079 219 1121 284 57

108 390 301 450 sublevantur
327 391 442 466 pariter
469 393 499 448 et
524 389 723 464 continentur,
745 389 792 449 his
815 389 952 448 cornibus
975 388 1049 447 bene
1070 388 1124 448 ho·

107 479 221 538 minum
243 479 340 538 utitur
362 481 436 539 vita.
481 479 524 538 Ut
545 479 688 538 Amalech
711 479 888 553 vincerstm,
910 479 1039 537 emensis
1061 497 1123 537 ma-

107 568 196 628 nibus
218 567 335 643 Moyses
363 569 437 627 haec
463 569 602 629 imitatus
631 571 675 627 est
703 587 826 640 cornua3
858 571 894 626 ut
922 567 1041 626 facilius
1069 567 1123 625 irn-

107 660 239 733 petraret
266 657 345 733 quod
367 677 549 735 magnopere
570 657 752 733 postulabat,
775 675 891 716 crucem
915 657 973 717 sibi
995 658 1066 716 fecit
1089 675 1125 716 ex

82 747 203 822 svirga.
248 745 296 804 Ad
323 747 396 807 haec
424 765 535 806 cornua
561 748 672 806 festina
704 746 854 806 celeritate
886 747 1053 822 properate,
1086 745 1125 804 ad

108 835 182 894 haec
205 853 316 895 cornua
337 835 444 895 humili
466 838 655 896 veneratione
674 835 835 915 confugite,
853 835 900 894 his
919 853 972 895 vos
991 834 1125 912 adfigent

110 923 246 984 cornibus
270 927 404 984 iustitia·
425 925 577 1001 aequitas'
592 926 752 1001 pudicitia,
774 923 995 983 misericordia·
1010 925 1124 999 patien-

109 1015 170 1072 tia·
185 1013 266 1087 fides,
293 1017 327 1072 ut
355 1014 523 1074 veneranda
550 1015 749 1091 praeferentes
779 1013 921 1090 insignia·
937 1017 1125 1073 consociatae

108 1104 216 1162 frontis
230 1104 387 1163 maiestate
406 1103 585 1180 gaudentes·
600 1106 631 1162 et
649 1104 820 1179 sepulturae
835 1101 947 1162 Christi
964 1104 1125 1178 participes

69 1213 95 1253 ro
109 1193 175 1252 sitis
199 1195 229 1250 et
252 1194 340 1252 vitae.

198 1280 292 1341 XXII.
320 1280 412 1339 Aliud
440 1283 532 1340 etiam
559 1281 726 1357 symbolum
754 1281 942 1356 proferimus,
967 1283 1002 1339 ut
1025 1282 1217 1343 conta-som

109 1370 241 1428 minatae
265 1369 456 1447 cogitationis
479 1370 592 1430 scelera
613 1370 789 1429 revelentur.
834 1369 924 1430 (iuius
948 1372 1029 1428 totu-s
1053 1369 1125 1428 ordo

110 1455 252 1517 dicendus
276 1461 330 1532 est,
353 1462 388 1518 ut
410 1462 484 1534 aput
507 1478 608 1518 omnes
633 1461 749 1518 constet
774 1458 893 1518 divinae
921 1458 1127 1535 dispositionis

110 1547 207 1624 legem
229 1565 370 1620 perversa
392 1546 506 1606 diaboli
529 1567 591 1608 esse
613 1547 783 1607 imitatione
806 1549 985 1622 corruptam.
1031 1547 1126 1606 Nocte

70 1656 96 1696 rs
111 1635 240 1712 quadam
272 1636 465 1695 simulacrum
496 1638 529 1695 in
560 1637 666 1696 lectica
694 1639 836 1712 supinum
863 1639 999 1713 ponitur,¹
1022 1639 1052 1695 et
1069 1654 1127 1712 per

110 1743 248 1785 numeros
272 1725 396 1804 digestis
418 1725 537 1785 fletibus
561 1727 724 1804 plangitur.
770 1725 885 1785 Deinde
912 1745 981 1785 cum
1004 1744 1034 1785 se
1056 1724 1127 1785 ficta

109 1815 324 1873 lamentatione
351 1817 537 1889 satiaverint,
563 1815 664 1875 lumen
690 1816 825 1874 infertur.
872 1815 955 1874 Tune
984 1834 1002 1873 a
1030 1833 1125 1874 sacer·
1139 1826 1199 1877 (ur)

111 1903 178 1962 dote
207 1906 340 1964 omniurn
368 1907 421 1981 qui
447 1904 559 1964 flebant
587 1905 687 1964 fauces
715 1908 893 1982 unguentur,
922 1904 1030 1980 quibus
1061 1923 1126 1979 per-

111 1995 226 2052 unctis·
242 1994 378 2054 sacerdos
401 1995 457 2054 hoc
479 1995 561 2053 lento
584 2013 737 2053 murmure
759 1997 907 2054 susurrat:

70 2121 97 2161 so
271 2104 408 2181 θαρρεῖτε
432 2099 538 2178 μύσται
561 2109 613 2160 τοῦ
636 2105 712 2160 θεοῦ
735 2097 936 2178 σεσωσμένου’

272 2187 352 2249 ἔσται
374 2187 430 2269 γὰρ
453 2185 531 2266 ἡμῖν·
549 2187 581 2248 ἐκ
603 2189 706 2250 πόνων
729 2190 842 2269 sarept
861 2235 867 2248 .

112 2296 191 2365 Quid
213 2298 337 2356 miseros
360 2297 489 2355 horteris
512 2291 589 2374 <ut>
613 2295 784 2373 gaudeant?
812 2295 890 2365 Quid
915 2296 1052 2374 deceptos
1076 2297 1163 2355 hos

111 2388 207 2445 mines
234 2387 343 2446 laetari
371 2384 536 2461 conpellis?
569 2385 664 2455 Quem
687 2385 749 2444 illis
772 2400 872 2462 spem·
888 2403 978 2461 quam
1001 2385 1129 2444 salutem

112 2476 231 2535 funesta
258 2477 449 2552 persuasione
476 2472 650 2552 promittis?
678 2473 760 2548 ¹Quid
786 2474 856 2534 illos
879 2474 956 2534 falsa
979 2474 1128 2548 pollicita·

72 2584 98 2623 ss
112 2566 194 2623 tione
222 2563 387 2623 sollicitas?
428 2564 485 2623 Dei
511 2565 558 2622 tui
584 2582 664 2623 mors
687 2567 759 2623 nota
783 2565 838 2638 est,
864 2565 929 2622 vita
952 2582 1010 2621 nou
1035 2565 1129 2639 paret,

111 2671 167 2712 nec
199 2653 235 2711 de
266 2655 482 2713 resurrectione
515 2655 578 2711 eius
611 2653 745 2712 divinum
778 2651 939 2728 aliquando
975 2652 1130 2728 respondit

203 2786 221 2840 2
240 2787 332 2842 and.
349 2791 392 2853 17,
407 2791 505 2842 9-12.
586 2785 604 2841 4
623 2789 708 2842 Nam.
723 2791 769 2853 21,
782 2791 863 2853 8-9,
882 2793 913 2841 ot
930 2788 965 2854 cs.
982 2788 1037 2840 Mu
1056 2787 1093 2840 cd
1111 2788 1128 2840 l.

202 2911 249 2966 dd.
260 2929 290 2981 p.
306 2910 324 2965 2
338 2911 496 2965 vinceretur
510 2919 534 2965 et
549 2911 568 2966 d
582 2929 685 2966 cornua
700 2912 764 2967 add.
816 2911 972 2980 tmoyses3
986 2911 1054 2965 Haec
1070 2914 1102 2966 P.

114 2985 215 3039 Nonae
232 2983 404 3038 scribendum
424 2985 452 3036 et
470 2984 503 3035 ut
521 2982 653 3037 facilius?
730 2982 748 3036 8
767 2985 793 3038 d.
804 3002 834 3052 p.
849 2983 974 3053 insignia
993 2982 1057 3037 add.

113 3057 132 3110 o
151 3055 237 3110 fontis
254 3057 287 3120 P,
301 3071 349 3109 em.
365 3054 421 3108 Bu.
478 3052 513 3106 11
535 3056 694 3127 contamine
715 3058 748 3121 P,
767 3073 815 3110 em.
830 3056 889 3109 Ha.
946 3052 983 3108 14
1003 3053 1077 3107 Note
1096 3056 1129 3108 P.

113 3128 159 3182 dd.
174 3145 199 3196 p.
217 3126 254 3180 15
274 3126 390 3195 ponitur
407 3133 432 3179 ct
452 3124 487 3178 17
509 3125 674 3180 satiaverint
689 3127 753 3180 add.
815 3126 853 3180 20
872 3127 1010 3180 ΘΑΡΡΙΤΕ
1029 3125 1130 3180 Mitte

114 3201 147 3253 Ρ.
211 3198 318 3252 auda
401 3196 437 3251 21
459 3197 541 3252 ΕΕΤΕ
561 3199 594 3251 Ρ.
678 3198 716 3251 22
736 3197 811 3270 (ut)
831 3198 953 3252 aadFl
971 3205 995 3251 et
1014 3197 1058 3252 St.

113 3267 152 3323 24
170 3269 312 3354 permittis
332 3271 365 3335 P,
384 3286 431 3324 em.
447 3269 497 3322 Fl.

204 3394 222 3448 5
244 3394 460 3461 Masticana
479 3392 583 3447 festina
602 3392 756 3459 celeritate,
779 3397 817 3448 27
836 3393 920 3448 celeri
941 3391 1131 3457 festinatione,

114 3467 150 3533 cf.
167 3467 217 3520 Mo
235 3471 280 3521 24.
355 3464 393 3518 ls
412 3464 508 3519 divina
527 3464 676 3532 dispositio
695 3471 785 3519 exstat
803 3469 892 3532 59,15
911 3470 936 3518 ct
958 3464 1046 3518 tribus
1065 3463 1131 3515 Mo-

114 3537 214 3591 tteseos
233 3538 311 3592 hors:
333 3540 376 3603 13,
387 3541 429 3592 30.
448 3539 550 3603 22,29.
580 3534 702 3590 LV'II
712 3540 756 3590 32.
833 3535 870 3588 24
891 3535 982 3590 Mart.
998 3539 1023 3595 3,
1033 3537 1071 3588 26¹
1090 3534 1131 3586 in-

115 3607 244 3661 consulta
262 3607 468 3678 pollicitatione
487 3607 675 3676 promisimus.
