<?xml version="1.0" encoding="UTF-8"?>
<!DOCTYPE html PUBLIC "-//W3C//DTD XHTML 1.0 Transitional//EN"
    "http://www.w3.org/TR/xhtml1/DTD/xhtml1-transitional.dtd">
<html xmlns="http://www.w3.org/1999/xhtml" xml:lang="en" lang="en">
 <head>
  <title>
</title>
<meta http-equiv="Content-Type" content="text/html;charset=utf-8" />
  <meta name='ocr-system' content='tesseract 3.04.00' />
  <meta name='ocr-capabilities' content='ocr_page ocr_carea ocr_par ocr_line ocrx_word'/>
</head>
<body>
  <div class='ocr_page' id='page_1' title='image "./iulifirmicimate01zieggoog_0085.png"; bbox 0 0 2684 4062; ppageno 0'>
   <div class='ocr_carea' id='block_1_1' title="bbox 231 224 901 289">
    <p class='ocr_par' dir='ltr' id='par_1_1' title="bbox 231 224 901 289">
     <span class='ocr_line' id='line_1_1' title="bbox 231 224 901 289; baseline 0 -9"><span class='ocrx_word' id='word_1_1' title='bbox 231 225 274 289; x_wconf 89' lang='lat'><strong>30</strong></span> <span class='ocrx_word' id='word_1_2' title='bbox 577 224 715 281; x_wconf 76' lang='lat' dir='ltr'><strong>FIRMIOI</strong></span> <span class='ocrx_word' id='word_1_3' title='bbox 733 225 901 280; x_wconf 78' lang='lat' dir='ltr'><strong>MATERNI</strong></span> 
     </span>
    </p>
   </div>
   <div class='ocr_carea' id='block_1_2' title="bbox 169 393 1289 1986">
    <p class='ocr_par' dir='ltr' id='par_1_2' title="bbox 197 393 1288 1184">
     <span class='ocr_line' id='line_1_2' title="bbox 197 393 1247 458; baseline -0.004 0"><span class='ocrx_word' id='word_1_4' title='bbox 197 393 365 458; x_wconf 69' lang='lat' dir='ltr'><strong>&#39;cordinem</strong></span> <span class='ocrx_word' id='word_1_5' title='bbox 407 395 551 454; x_wconf 87' lang='lat' dir='ltr'><strong>scelerum</strong></span> <span class='ocrx_word' id='word_1_6' title='bbox 588 395 623 453; x_wconf 90' lang='lat' dir='ltr'><strong>de</strong></span> <span class='ocrx_word' id='word_1_7' title='bbox 660 394 781 454; x_wconf 81' lang='lat' dir='ltr'><strong>Tantali</strong></span> <span class='ocrx_word' id='word_1_8' title='bbox 818 395 934 455; x_wconf 83' lang='lat' dir='ltr'><strong>casibus</strong></span> <span class='ocrx_word' id='word_1_9' title='bbox 964 395 1067 456; x_wconf 89' lang='lat' dir='ltr'><strong>discat.</strong></span> <span class='ocrx_word' id='word_1_10' title='bbox 1114 394 1138 454; x_wconf 93' lang='lat' dir='ltr'><em>O</em></span> <span class='ocrx_word' id='word_1_11' title='bbox 1175 396 1247 454; x_wconf 87' lang='lat' dir='ltr'><strong>faci·</strong></span> 
     </span>
     <span class='ocr_line' id='line_1_3' title="bbox 231 483 1248 560; baseline 0.003 -19"><span class='ocrx_word' id='word_1_12' title='bbox 231 502 353 544; x_wconf 89' lang='lat' dir='ltr'><strong>nerosae</strong></span> <span class='ocrx_word' id='word_1_13' title='bbox 381 484 554 560; x_wconf 74' lang='lat' dir='ltr'><strong>cupiditatis</strong></span> <span class='ocrx_word' id='word_1_14' title='bbox 582 485 668 542; x_wconf 87' lang='lat' dir='ltr'><strong>triste</strong></span> <span class='ocrx_word' id='word_1_15' title='bbox 696 483 852 543; x_wconf 89' lang='lat' dir='ltr'><strong>solaciuml</strong></span> <span class='ocrx_word' id='word_1_16' title='bbox 890 483 1092 544; x_wconf 86' lang='lat' dir='ltr'><strong>Ohominum</strong></span> <span class='ocrx_word' id='word_1_17' title='bbox 1115 484 1248 545; x_wconf 85' lang='lat' dir='ltr'><strong>deflenda</strong></span> 
     </span>
     <span class='ocr_line' id='line_1_4' title="bbox 230 570 1247 650; baseline 0 -18"><span class='ocrx_word' id='word_1_18' title='bbox 230 574 398 650; x_wconf 76' lang='lat' dir='ltr'><strong>persuasio!</strong></span> <span class='ocrx_word' id='word_1_19' title='bbox 432 570 604 631; x_wconf 85' lang='lat' dir='ltr'><strong>Oinfelicis</strong></span> <span class='ocrx_word' id='word_1_20' title='bbox 622 573 800 632; x_wconf 75' lang='lat' dir='ltr'><strong>imitationis</strong></span> <span class='ocrx_word' id='word_1_21' title='bbox 820 576 942 632; x_wconf 88' lang='lat' dir='ltr'><strong>cruenta</strong></span> <span class='ocrx_word' id='word_1_22' title='bbox 960 574 1130 634; x_wconf 73' lang='lat' dir='ltr'><strong>meditatio!</strong></span> <span class='ocrx_word' id='word_1_23' title='bbox 1163 573 1247 633; x_wconf 73' lang='lat' dir='ltr'><strong>Scae·</strong></span> 
     </span>
     <span class='ocr_line' id='line_1_5' title="bbox 231 661 1248 739; baseline -0.001 -18"><span class='ocrx_word' id='word_1_24' title='bbox 231 681 301 721; x_wconf 87' lang='lat' dir='ltr'><strong>nam</strong></span> <span class='ocrx_word' id='word_1_25' title='bbox 334 661 369 721; x_wconf 89' lang='lat' dir='ltr'><strong>de</strong></span> <span class='ocrx_word' id='word_1_26' title='bbox 402 661 483 722; x_wconf 90' lang='lat' dir='ltr'><strong>caelo</strong></span> <span class='ocrx_word' id='word_1_27' title='bbox 516 662 638 737; x_wconf 83' lang='lat' dir='ltr'><strong>fecistis,</strong></span> <span class='ocrx_word' id='word_1_28' title='bbox 671 666 701 721; x_wconf 91' lang='lat' dir='ltr'><strong>et</strong></span> <span class='ocrx_word' id='word_1_29' title='bbox 734 666 866 722; x_wconf 78' lang='lat' dir='ltr'><strong>errantes</strong></span> <span class='ocrx_word' id='word_1_30' title='bbox 896 665 1010 722; x_wconf 89' lang='lat' dir='ltr'><strong>animes</strong></span> <span class='ocrx_word' id='word_1_31' title='bbox 1038 683 1093 739; x_wconf 92' lang='lat' dir='ltr'><strong>per</strong></span> <span class='ocrx_word' id='word_1_32' title='bbox 1120 662 1248 739; x_wconf 90' lang='lat' dir='ltr'><strong>abrupta</strong></span> 
     </span>
     <span class='ocr_line' id='line_1_6' title="bbox 231 749 1288 828; baseline 0.002 -19"><span class='ocrx_word' id='word_1_33' title='bbox 231 749 408 828; x_wconf 90' lang='lat' dir='ltr'><strong>praecipitia</strong></span> <span class='ocrx_word' id='word_1_34' title='bbox 444 750 556 809; x_wconf 87' lang='lat' dir='ltr'><strong>crudeli</strong></span> <span class='ocrx_word' id='word_1_35' title='bbox 593 752 764 810; x_wconf 87' lang='lat' dir='ltr'><strong>calamitate</strong></span> <span class='ocrx_word' id='word_1_36' title='bbox 801 751 938 825; x_wconf 83' lang='lat' dir='ltr'><strong>duxistis,</strong></span> <span class='ocrx_word' id='word_1_37' title='bbox 974 771 1042 811; x_wconf 90' lang='lat' dir='ltr'><strong>cum</strong></span> <span class='ocrx_word' id='word_1_38' title='bbox 1075 751 1246 811; x_wconf 87' lang='lat' dir='ltr'><strong>homiuibus</strong></span> <span class='ocrx_word' id='word_1_39' title='bbox 1276 773 1288 812; x_wconf 83' lang='lat' dir='ltr'><strong>s</strong></span> 
     </span>
     <span class='ocr_line' id='line_1_7' title="bbox 231 839 1247 917; baseline 0 -19"><span class='ocrx_word' id='word_1_40' title='bbox 231 859 353 917; x_wconf 87' lang='lat' dir='ltr'><strong>peccare</strong></span> <span class='ocrx_word' id='word_1_41' title='bbox 377 839 565 916; x_wconf 79' lang='lat' dir='ltr'><strong>cupientibus</strong></span> <span class='ocrx_word' id='word_1_42' title='bbox 588 840 757 900; x_wconf 78' lang='lat' dir='ltr'><strong>facinorum</strong></span> <span class='ocrx_word' id='word_1_43' title='bbox 779 840 829 899; x_wconf 88' lang='lat' dir='ltr'><strong>via</strong></span> <span class='ocrx_word' id='word_1_44' title='bbox 857 841 893 899; x_wconf 91' lang='lat' dir='ltr'><strong>de</strong></span> <span class='ocrx_word' id='word_1_45' title='bbox 917 841 1041 900; x_wconf 88' lang='lat' dir='ltr'><strong>deorum</strong></span> <span class='ocrx_word' id='word_1_46' title='bbox 1063 843 1247 900; x_wconf 85' lang='lat' dir='ltr'><strong>monstratur</strong></span> 
     </span>
     <span class='ocr_line' id='line_1_8' title="bbox 232 928 1246 1007; baseline 0.001 -20"><span class='ocrx_word' id='word_1_47' title='bbox 232 929 382 1004; x_wconf 85' lang='lat' dir='ltr'><strong>exemplis.</strong></span> <span class='ocrx_word' id='word_1_48' title='bbox 420 928 477 986; x_wconf 81' lang='lat' dir='ltr'><strong>Sed</strong></span> <span class='ocrx_word' id='word_1_49' title='bbox 505 930 537 986; x_wconf 91' lang='lat' dir='ltr'><strong>in</strong></span> <span class='ocrx_word' id='word_1_50' title='bbox 557 930 618 988; x_wconf 88' lang='lat' dir='ltr'><strong>ista</strong></span> <span class='ocrx_word' id='word_1_51' title='bbox 645 928 802 988; x_wconf 89' lang='lat' dir='ltr'><strong>criminum</strong></span> <span class='ocrx_word' id='word_1_52' title='bbox 829 930 904 1007; x_wconf 85' lang='lat' dir='ltr'><strong>lege,</strong></span> <span class='ocrx_word' id='word_1_53' title='bbox 926 931 960 988; x_wconf 91' lang='lat' dir='ltr'><strong>in</strong></span> <span class='ocrx_word' id='word_1_54' title='bbox 982 932 1042 990; x_wconf 90' lang='lat' dir='ltr'><strong>ista</strong></span> <span class='ocrx_word' id='word_1_55' title='bbox 1065 930 1246 989; x_wconf 86' lang='lat' dir='ltr'><strong>confessione</strong></span> 
     </span>
     <span class='ocr_line' id='line_1_9' title="bbox 231 1017 1245 1095; baseline 0.002 -19"><span class='ocrx_word' id='word_1_56' title='bbox 231 1017 383 1092; x_wconf 84' lang='lat' dir='ltr'><strong>scelerum,</strong></span> <span class='ocrx_word' id='word_1_57' title='bbox 407 1019 520 1095; x_wconf 87' lang='lat' dir='ltr'><strong>gratias</strong></span> <span class='ocrx_word' id='word_1_58' title='bbox 544 1036 668 1094; x_wconf 87' lang='lat' dir='ltr'><strong>agamus</strong></span> <span class='ocrx_word' id='word_1_59' title='bbox 691 1019 753 1078; x_wconf 88' lang='lat' dir='ltr'><strong>illis</strong></span> <span class='ocrx_word' id='word_1_60' title='bbox 777 1020 831 1094; x_wconf 89' lang='lat' dir='ltr'><strong>qui</strong></span> <span class='ocrx_word' id='word_1_61' title='bbox 854 1019 944 1079; x_wconf 90' lang='lat' dir='ltr'><strong>etiam</strong></span> <span class='ocrx_word' id='word_1_62' title='bbox 969 1020 1060 1078; x_wconf 80' lang='lat' dir='ltr'><strong>exitia</strong></span> <span class='ocrx_word' id='word_1_63' title='bbox 1084 1023 1113 1078; x_wconf 89' lang='lat' dir='ltr'><strong>et</strong></span> <span class='ocrx_word' id='word_1_64' title='bbox 1136 1021 1245 1078; x_wconf 89' lang='lat' dir='ltr'><strong>mortes</strong></span> 
     </span>
     <span class='ocr_line' id='line_1_10' title="bbox 231 1106 1247 1184; baseline 0.001 -18"><span class='ocrx_word' id='word_1_65' title='bbox 231 1107 354 1166; x_wconf 87' lang='lat' dir='ltr'><strong>deorum</strong></span> <span class='ocrx_word' id='word_1_66' title='bbox 377 1109 503 1166; x_wconf 89' lang='lat' dir='ltr'><strong>istorum</strong></span> <span class='ocrx_word' id='word_1_67' title='bbox 531 1106 616 1166; x_wconf 87' lang='lat' dir='ltr'><strong>nobis</strong></span> <span class='ocrx_word' id='word_1_68' title='bbox 644 1107 844 1167; x_wconf 89' lang='lat' dir='ltr'><strong>nescientibus</strong></span> <span class='ocrx_word' id='word_1_69' title='bbox 871 1107 1075 1184; x_wconf 88' lang='lat' dir='ltr'><strong>prodiderunt,</strong></span> <span class='ocrx_word' id='word_1_70' title='bbox 1097 1112 1132 1166; x_wconf 91' lang='lat' dir='ltr'><strong>ut</strong></span> <span class='ocrx_word' id='word_1_71' title='bbox 1156 1107 1247 1167; x_wconf 90' lang='lat' dir='ltr'><strong>disce·</strong></span> 
     </span>
    </p>

    <p class='ocr_par' dir='ltr' id='par_1_3' title="bbox 188 1196 1289 1272">
     <span class='ocr_line' id='line_1_11' title="bbox 188 1196 1289 1272; baseline 0.002 -18"><span class='ocrx_word' id='word_1_72' title='bbox 188 1227 191 1261; x_wconf 63' lang='grc' dir='ltr'><strong><em>ι</em></strong></span> <span class='ocrx_word' id='word_1_73' title='bbox 231 1215 329 1256; x_wconf 88' lang='lat' dir='ltr'><strong>remus</strong></span> <span class='ocrx_word' id='word_1_74' title='bbox 348 1197 449 1255; x_wconf 91' lang='lat' dir='ltr'><strong>omnia</strong></span> <span class='ocrx_word' id='word_1_75' title='bbox 468 1215 521 1272; x_wconf 89' lang='lat' dir='ltr'><strong>per</strong></span> <span class='ocrx_word' id='word_1_76' title='bbox 539 1199 586 1255; x_wconf 91' lang='lat' dir='ltr'><strong>tot</strong></span> <span class='ocrx_word' id='word_1_77' title='bbox 604 1200 766 1272; x_wconf 88' lang='lat' dir='ltr'><strong>opsteutes.</strong></span> <span class='ocrx_word' id='word_1_78' title='bbox 799 1196 967 1257; x_wconf 70' lang='lat' dir='ltr'><strong>musenim</strong></span> <span class='ocrx_word' id='word_1_79' title='bbox 987 1201 1016 1256; x_wconf 92' lang='lat' dir='ltr'><strong>et</strong></span> <span class='ocrx_word' id='word_1_80' title='bbox 1039 1200 1113 1272; x_wconf 90' lang='lat' dir='ltr'><strong>aput</strong></span> <span class='ocrx_word' id='word_1_81' title='bbox 1130 1201 1245 1256; x_wconf 77' lang='lat' dir='ltr'><strong>veteres</strong></span> <span class='ocrx_word' id='word_1_82' title='bbox 1261 1217 1289 1256; x_wconf 88' lang='lat'><strong>10</strong></span> 
     </span>
    </p>

    <p class='ocr_par' dir='ltr' id='par_1_4' title="bbox 185 1267 1248 1351">
     <span class='ocr_line' id='line_1_12' title="bbox 185 1267 1248 1351; baseline 0.001 -8"><span class='ocrx_word' id='word_1_83' title='bbox 185 1267 189 1351; x_wconf 76' lang='lat' dir='ltr'><strong>i</strong></span> <span class='ocrx_word' id='word_1_84' title='bbox 230 1285 302 1344; x_wconf 88' lang='lat' dir='ltr'><strong>licet</strong></span> <span class='ocrx_word' id='word_1_85' title='bbox 333 1285 464 1344; x_wconf 90' lang='lat' dir='ltr'><strong>nondum</strong></span> <span class='ocrx_word' id='word_1_86' title='bbox 495 1288 606 1344; x_wconf 87' lang='lat' dir='ltr'><strong>terram</strong></span> <span class='ocrx_word' id='word_1_87' title='bbox 638 1287 848 1346; x_wconf 79' lang='lat' dir='ltr'><strong>inluminasset</strong></span> <span class='ocrx_word' id='word_1_88' title='bbox 875 1285 988 1345; x_wconf 89' lang='lat' dir='ltr'><strong>domini</strong></span> <span class='ocrx_word' id='word_1_89' title='bbox 1017 1286 1113 1344; x_wconf 87' lang='lat' dir='ltr'><strong>nostri</strong></span> <span class='ocrx_word' id='word_1_90' title='bbox 1137 1285 1248 1346; x_wconf 79' lang='lat' dir='ltr'><strong>christi</strong></span> 
     </span>
    </p>

    <p class='ocr_par' dir='ltr' id='par_1_5' title="bbox 183 1354 1247 1453">
     <span class='ocr_line' id='line_1_13' title="bbox 183 1354 1247 1453; baseline 0.001 -21"><span class='ocrx_word' id='word_1_91' title='bbox 183 1354 187 1453; x_wconf 68' lang='lat' dir='ltr'><strong>i</strong></span> <span class='ocrx_word' id='word_1_92' title='bbox 231 1374 399 1433; x_wconf 89' lang='lat' dir='ltr'><strong>veneranda</strong></span> <span class='ocrx_word' id='word_1_93' title='bbox 418 1373 563 1451; x_wconf 75' lang='lat' dir='ltr'><strong>dignatio,</strong></span> <span class='ocrx_word' id='word_1_94' title='bbox 581 1376 612 1432; x_wconf 90' lang='lat' dir='ltr'><strong>in</strong></span> <span class='ocrx_word' id='word_1_95' title='bbox 633 1375 805 1448; x_wconf 86' lang='lat' dir='ltr'><strong>spernendis</strong></span> <span class='ocrx_word' id='word_1_96' title='bbox 827 1375 1087 1451; x_wconf 84' lang='lat' dir='ltr'><strong>superstitionibus</strong></span> <span class='ocrx_word' id='word_1_97' title='bbox 1106 1375 1247 1452; x_wconf 86' lang='lat' dir='ltr'><strong>religiosa</strong></span> 
     </span>
    </p>

    <p class='ocr_par' dir='ltr' id='par_1_6' title="bbox 182 1456 1246 1538">
     <span class='ocr_line' id='line_1_14' title="bbox 182 1456 1246 1538; baseline -0.004 -12"><span class='ocrx_word' id='word_1_98' title='bbox 182 1456 212 1526; x_wconf 75' lang='lat'><strong>²8</strong></span> <span class='ocrx_word' id='word_1_99' title='bbox 231 1464 409 1521; x_wconf 88' lang='lat' dir='ltr'><strong>constantia.</strong></span> <span class='ocrx_word' id='word_1_100' title='bbox 455 1463 608 1522; x_wconf 90' lang='lat' dir='ltr'><strong>Diomedis</strong></span> <span class='ocrx_word' id='word_1_101' title='bbox 635 1462 761 1538; x_wconf 90' lang='lat' dir='ltr'><strong>pudicus</strong></span> <span class='ocrx_word' id='word_1_102' title='bbox 789 1482 823 1523; x_wconf 91' lang='lat' dir='ltr'><strong>ac</strong></span> <span class='ocrx_word' id='word_1_103' title='bbox 854 1464 982 1523; x_wconf 89' lang='lat' dir='ltr'><strong>sobrius·</strong></span> <span class='ocrx_word' id='word_1_104' title='bbox 1005 1463 1150 1523; x_wconf 85' lang='lat' dir='ltr'><strong>Venerem</strong></span> <span class='ocrx_word' id='word_1_105' title='bbox 1182 1465 1246 1522; x_wconf 83' lang='lat' dir='ltr'><strong>vul·</strong></span> 
     </span>
    </p>

    <p class='ocr_par' dir='ltr' id='par_1_7' title="bbox 169 1550 1288 1986">
     <span class='ocr_line' id='line_1_15' title="bbox 169 1550 1246 1628; baseline -0.001 -16"><span class='ocrx_word' id='word_1_106' title='bbox 169 1561 217 1614; x_wconf 72' lang='lat'><em>(9⁴)</em></span> <span class='ocrx_word' id='word_1_107' title='bbox 231 1555 329 1612; x_wconf 84' lang='lat' dir='ltr'><strong>neret·</strong></span> <span class='ocrx_word' id='word_1_108' title='bbox 352 1552 480 1610; x_wconf 88' lang='lat' dir='ltr'><strong>Martem</strong></span> <span class='ocrx_word' id='word_1_109' title='bbox 503 1552 599 1610; x_wconf 83' lang='lat' dir='ltr'><strong>vincit</strong></span> <span class='ocrx_word' id='word_1_110' title='bbox 621 1555 652 1610; x_wconf 90' lang='lat' dir='ltr'><strong>et</strong></span> <span class='ocrx_word' id='word_1_111' title='bbox 674 1555 812 1628; x_wconf 89' lang='lat' dir='ltr'><strong>percutit.</strong></span> <span class='ocrx_word' id='word_1_112' title='bbox 859 1550 910 1612; x_wconf 88' lang='lat' dir='ltr'><strong>Oti</strong></span> <span class='ocrx_word' id='word_1_113' title='bbox 938 1557 967 1612; x_wconf 91' lang='lat' dir='ltr'><strong>et</strong></span> <span class='ocrx_word' id='word_1_114' title='bbox 995 1551 1121 1611; x_wconf 79' lang='lat' dir='ltr'><strong>Elialtae</strong></span> <span class='ocrx_word' id='word_1_115' title='bbox 1150 1553 1246 1612; x_wconf 90' lang='lat' dir='ltr'><strong>edicto</strong></span> 
     </span>
     <span class='ocr_line' id='line_1_16' title="bbox 230 1640 1288 1717; baseline 0.004 -19"><span class='ocrx_word' id='word_1_116' title='bbox 230 1641 311 1700; x_wconf 89' lang='lat' dir='ltr'><strong>Mars</strong></span> <span class='ocrx_word' id='word_1_117' title='bbox 341 1640 414 1700; x_wconf 91' lang='lat' dir='ltr'><strong>belli</strong></span> <span class='ocrx_word' id='word_1_118' title='bbox 441 1644 547 1716; x_wconf 90' lang='lat' dir='ltr'><strong>potens</strong></span> <span class='ocrx_word' id='word_1_119' title='bbox 575 1642 735 1717; x_wconf 85' lang='lat' dir='ltr'><strong>temporali</strong></span> <span class='ocrx_word' id='word_1_120' title='bbox 762 1641 853 1701; x_wconf 85' lang='lat' dir='ltr'><strong>exilio</strong></span> <span class='ocrx_word' id='word_1_121' title='bbox 882 1642 1052 1701; x_wconf 84' lang='lat' dir='ltr'><strong>damnatus·</strong></span> <span class='ocrx_word' id='word_1_122' title='bbox 1079 1643 1176 1701; x_wconf 85' lang='lat' dir='ltr'><strong>ferrea</strong></span> <span class='ocrx_word' id='word_1_123' title='bbox 1198 1660 1244 1700; x_wconf 90' lang='lat' dir='ltr'><strong>ca·</strong></span> <span class='ocrx_word' id='word_1_124' title='bbox 1262 1662 1288 1702; x_wconf 83' lang='lat' dir='ltr'><strong>rs</strong></span> 
     </span>
     <span class='ocr_line' id='line_1_17' title="bbox 231 1729 1246 1806; baseline 0.001 -17"><span class='ocrx_word' id='word_1_125' title='bbox 231 1733 368 1789; x_wconf 87' lang='lat' dir='ltr'><strong>tanarum</strong></span> <span class='ocrx_word' id='word_1_126' title='bbox 390 1730 489 1789; x_wconf 86' lang='lat' dir='ltr'><strong>vincla</strong></span> <span class='ocrx_word' id='word_1_127' title='bbox 513 1730 665 1789; x_wconf 89' lang='lat' dir='ltr'><strong>sustinuit.</strong></span> <span class='ocrx_word' id='word_1_128' title='bbox 699 1729 898 1806; x_wconf 83' lang='lat' dir='ltr'><strong>Sarpedonem</strong></span> <span class='ocrx_word' id='word_1_129' title='bbox 922 1729 1019 1789; x_wconf 89' lang='lat' dir='ltr'><strong>filium</strong></span> <span class='ocrx_word' id='word_1_130' title='bbox 1041 1733 1192 1790; x_wconf 89' lang='lat' dir='ltr'><strong>mortuum</strong></span> <span class='ocrx_word' id='word_1_131' title='bbox 1215 1730 1246 1790; x_wconf 89' lang='lat' dir='ltr'><strong>in</strong></span> 
     </span>
     <span class='ocr_line' id='line_1_18' title="bbox 231 1818 1245 1896; baseline 0.003 -20"><span class='ocrx_word' id='word_1_132' title='bbox 231 1819 321 1878; x_wconf 84' lang='lat' dir='ltr'><strong>Troia</strong></span> <span class='ocrx_word' id='word_1_133' title='bbox 352 1818 490 1894; x_wconf 90' lang='lat' dir='ltr'><strong>Iuppiter</strong></span> <span class='ocrx_word' id='word_1_134' title='bbox 516 1819 644 1896; x_wconf 84' lang='lat' dir='ltr'><strong>plangit,</strong></span> <span class='ocrx_word' id='word_1_135' title='bbox 667 1824 698 1878; x_wconf 89' lang='lat' dir='ltr'><strong>et</strong></span> <span class='ocrx_word' id='word_1_136' title='bbox 724 1820 888 1878; x_wconf 85' lang='lat' dir='ltr'><strong>mercedem</strong></span> <span class='ocrx_word' id='word_1_137' title='bbox 910 1819 1126 1879; x_wconf 87' lang='lat' dir='ltr'><strong>fabricatorum</strong></span> <span class='ocrx_word' id='word_1_138' title='bbox 1147 1839 1245 1879; x_wconf 91' lang='lat' dir='ltr'><strong>muro-</strong></span> 
     </span>
     <span class='ocr_line' id='line_1_19' title="bbox 230 1908 1246 1986; baseline 0.003 -20"><span class='ocrx_word' id='word_1_139' title='bbox 230 1928 297 1966; x_wconf 89' lang='lat' dir='ltr'><strong>rum</strong></span> <span class='ocrx_word' id='word_1_140' title='bbox 320 1908 476 1983; x_wconf 87' lang='lat' dir='ltr'><strong>Neptunus</strong></span> <span class='ocrx_word' id='word_1_141' title='bbox 500 1927 519 1966; x_wconf 88' lang='lat' dir='ltr'><strong>a</strong></span> <span class='ocrx_word' id='word_1_142' title='bbox 541 1908 670 1982; x_wconf 90' lang='lat' dir='ltr'><strong>superbo</strong></span> <span class='ocrx_word' id='word_1_143' title='bbox 693 1927 761 1986; x_wconf 87' lang='lat' dir='ltr'><strong>rege</strong></span> <span class='ocrx_word' id='word_1_144' title='bbox 784 1927 844 1966; x_wconf 92' lang='lat' dir='ltr'><strong>non</strong></span> <span class='ocrx_word' id='word_1_145' title='bbox 859 1909 977 1984; x_wconf 85' lang='lat' dir='ltr'><strong>recipit.</strong></span> <span class='ocrx_word' id='word_1_146' title='bbox 1014 1908 1149 1968; x_wconf 83' lang='lat' dir='ltr'><strong>Alterius</strong></span> <span class='ocrx_word' id='word_1_147' title='bbox 1167 1910 1246 1986; x_wconf 84' lang='lat' dir='ltr'><strong>regis</strong></span> 
     </span>
    </p>
   </div>
   <div class='ocr_carea' id='block_1_3' title="bbox 122 1996 1289 2524">
    <p class='ocr_par' dir='ltr' id='par_1_8' title="bbox 206 1996 1289 2431">
     <span class='ocr_line' id='line_1_20' title="bbox 206 1996 1245 2075; baseline 0.004 -21"><span class='ocrx_word' id='word_1_148' title='bbox 206 2000 208 2012; x_wconf 81' lang='grc'><em>’</em></span> <span class='ocrx_word' id='word_1_149' title='bbox 228 1996 338 2072; x_wconf 85' lang='lat' dir='ltr'><strong>Apollo</strong></span> <span class='ocrx_word' id='word_1_150' title='bbox 367 2016 470 2075; x_wconf 82' lang='lat' dir='ltr'><strong>greges</strong></span> <span class='ocrx_word' id='word_1_151' title='bbox 498 1997 604 2073; x_wconf 88' lang='lat' dir='ltr'><strong>pascit,</strong></span> <span class='ocrx_word' id='word_1_152' title='bbox 633 2000 662 2056; x_wconf 91' lang='lat' dir='ltr'><strong>et</strong></span> <span class='ocrx_word' id='word_1_153' title='bbox 686 1996 751 2056; x_wconf 85' lang='lat' dir='ltr'><strong>Soli</strong></span> <span class='ocrx_word' id='word_1_154' title='bbox 773 1999 873 2056; x_wconf 89' lang='lat' dir='ltr'><strong>omnia</strong></span> <span class='ocrx_word' id='word_1_155' title='bbox 896 1997 1012 2057; x_wconf 85' lang='lat' dir='ltr'><strong>videnti</strong></span> <span class='ocrx_word' id='word_1_156' title='bbox 1036 1999 1112 2058; x_wconf 84' lang='lat' dir='ltr'><strong>alius</strong></span> <span class='ocrx_word' id='word_1_157' title='bbox 1136 2000 1245 2058; x_wconf 85' lang='lat' dir='ltr'><strong>occisa-</strong></span> 
     </span>
     <span class='ocr_line' id='line_1_21' title="bbox 229 2085 1289 2163; baseline 0.002 -18"><span class='ocrx_word' id='word_1_158' title='bbox 229 2105 295 2144; x_wconf 91' lang='lat' dir='ltr'><strong>rum</strong></span> <span class='ocrx_word' id='word_1_159' title='bbox 318 2085 408 2145; x_wconf 93' lang='lat' dir='ltr'><strong>boum</strong></span> <span class='ocrx_word' id='word_1_160' title='bbox 430 2088 551 2151; x_wconf 85' lang='lat' dir='ltr'><strong>nuntiat</strong></span> <span class='ocrx_word' id='word_1_161' title='bbox 573 2089 691 2145; x_wconf 90' lang='lat' dir='ltr'><strong>mortes.</strong></span> <span class='ocrx_word' id='word_1_162' title='bbox 730 2085 866 2146; x_wconf 76' lang='lat' dir='ltr'><strong>Castores</strong></span> <span class='ocrx_word' id='word_1_163' title='bbox 889 2087 996 2163; x_wconf 89' lang='lat' dir='ltr'><strong>sepelit</strong></span> <span class='ocrx_word' id='word_1_164' title='bbox 1020 2086 1137 2163; x_wconf 81' lang='lat' dir='ltr'><strong>Sparta,</strong></span> <span class='ocrx_word' id='word_1_165' title='bbox 1161 2087 1245 2146; x_wconf 85' lang='lat' dir='ltr'><strong>ardet</strong></span> <span class='ocrx_word' id='word_1_166' title='bbox 1261 2107 1289 2147; x_wconf 87' lang='lat' dir='ltr'><strong>so</strong></span> 
     </span>
     <span class='ocr_line' id='line_1_22' title="bbox 230 2172 1245 2251; baseline 0.002 -18"><span class='ocrx_word' id='word_1_167' title='bbox 230 2178 305 2251; x_wconf 92' lang='lat' dir='ltr'><strong>aput</strong></span> <span class='ocrx_word' id='word_1_168' title='bbox 336 2172 443 2234; x_wconf 88' lang='lat' dir='ltr'><strong>Oetam</strong></span> <span class='ocrx_word' id='word_1_169' title='bbox 475 2175 626 2248; x_wconf 88' lang='lat' dir='ltr'><strong>Herculis,</strong></span> <span class='ocrx_word' id='word_1_170' title='bbox 659 2179 689 2235; x_wconf 90' lang='lat' dir='ltr'><strong>et</strong></span> <span class='ocrx_word' id='word_1_171' title='bbox 720 2176 917 2251; x_wconf 87' lang='lat' dir='ltr'><strong>Aesculapius</strong></span> <span class='ocrx_word' id='word_1_172' title='bbox 950 2175 1024 2235; x_wconf 88' lang='lat' dir='ltr'><strong>alibi</strong></span> <span class='ocrx_word' id='word_1_173' title='bbox 1059 2176 1245 2235; x_wconf 89' lang='lat' dir='ltr'><strong>fulminatur.</strong></span> 
     </span>
     <span class='ocr_line' id='line_1_23' title="bbox 230 2260 1245 2344; baseline 0 -22"><span class='ocrx_word' id='word_1_174' title='bbox 230 2265 383 2324; x_wconf 87' lang='lat' dir='ltr'><strong>Vulcanus</strong></span> <span class='ocrx_word' id='word_1_175' title='bbox 407 2283 425 2322; x_wconf 87' lang='lat' dir='ltr'><strong>a</strong></span> <span class='ocrx_word' id='word_1_176' title='bbox 451 2268 537 2339; x_wconf 91' lang='lat' dir='ltr'><strong>patre</strong></span> <span class='ocrx_word' id='word_1_177' title='bbox 561 2264 776 2340; x_wconf 86' lang='lat' dir='ltr'><strong>praecipitatus</strong></span> <span class='ocrx_word' id='word_1_178' title='bbox 800 2260 906 2341; x_wconf 90' lang='lat' dir='ltr'><strong>pedem</strong></span> <span class='ocrx_word' id='word_1_179' title='bbox 930 2265 1052 2344; x_wconf 83' lang='lat' dir='ltr'><strong>frangit,</strong></span> <span class='ocrx_word' id='word_1_180' title='bbox 1075 2264 1245 2343; x_wconf 86' lang='lat' dir='ltr'><strong>Lycurgum</strong></span> 
     </span>
     <span class='ocr_line' id='line_1_24' title="bbox 229 2353 1244 2431; baseline 0.003 -21"><span class='ocrx_word' id='word_1_181' title='bbox 229 2353 346 2431; x_wconf 82' lang='lat' dir='ltr'><strong>fugiens</strong></span> <span class='ocrx_word' id='word_1_182' title='bbox 369 2353 458 2412; x_wconf 88' lang='lat' dir='ltr'><strong>Liber</strong></span> <span class='ocrx_word' id='word_1_183' title='bbox 480 2355 614 2413; x_wconf 89' lang='lat' dir='ltr'><strong>moritur.</strong></span> <span class='ocrx_word' id='word_1_184' title='bbox 642 2353 743 2412; x_wconf 87' lang='lat' dir='ltr'><strong>Venus</strong></span> <span class='ocrx_word' id='word_1_185' title='bbox 766 2353 797 2411; x_wconf 90' lang='lat' dir='ltr'><strong>in</strong></span> <span class='ocrx_word' id='word_1_186' title='bbox 821 2354 968 2414; x_wconf 89' lang='lat' dir='ltr'><strong>adulterio</strong></span> <span class='ocrx_word' id='word_1_187' title='bbox 992 2353 1173 2431; x_wconf 89' lang='lat' dir='ltr'><strong>deprehensa</strong></span> <span class='ocrx_word' id='word_1_188' title='bbox 1197 2354 1244 2413; x_wconf 88' lang='lat' dir='ltr'><strong>de·</strong></span> 
     </span>
    </p>

    <p class='ocr_par' dir='ltr' id='par_1_9' title="bbox 122 2434 1244 2524">
     <span class='ocr_line' id='line_1_25' title="bbox 122 2434 1244 2524; baseline 0.002 -24"><span class='ocrx_word' id='word_1_189' title='bbox 122 2447 160 2492; x_wconf 63' lang='grc'><strong>105</strong></span> <span class='ocrx_word' id='word_1_190' title='bbox 172 2446 211 2484; x_wconf 75' lang='lat' dir='ltr'><strong>mv</strong></span> <span class='ocrx_word' id='word_1_191' title='bbox 228 2441 350 2519; x_wconf 87' lang='lat' dir='ltr'><strong>tegitur,</strong></span> <span class='ocrx_word' id='word_1_192' title='bbox 369 2445 487 2518; x_wconf 89' lang='lat' dir='ltr'><strong>etpost</strong></span> <span class='ocrx_word' id='word_1_193' title='bbox 505 2442 552 2501; x_wconf 92' lang='lat' dir='ltr'><strong>dei</strong></span> <span class='ocrx_word' id='word_1_194' title='bbox 571 2445 692 2518; x_wconf 87' lang='lat' dir='ltr'><strong>nuptias</strong></span> <span class='ocrx_word' id='word_1_195' title='bbox 705 2434 708 2524; x_wconf 78' lang='grc' dir='ltr'>Ι</span> <span class='ocrx_word' id='word_1_196' title='bbox 720 2443 869 2502; x_wconf 85' lang='lat' dir='ltr'><strong>Anchisae</strong></span> <span class='ocrx_word' id='word_1_197' title='bbox 887 2444 1016 2503; x_wconf 88' lang='lat' dir='ltr'><strong>hominis</strong></span> <span class='ocrx_word' id='word_1_198' title='bbox 1036 2443 1132 2503; x_wconf 87' lang='lat' dir='ltr'><strong>cubile</strong></span> <span class='ocrx_word' id='word_1_199' title='bbox 1151 2447 1244 2503; x_wconf 89' lang='lat' dir='ltr'><strong>secta-</strong></span> 
     </span>
    </p>
   </div>
   <div class='ocr_carea' id='block_1_4' title="bbox 229 2611 1242 2754">
    <p class='ocr_par' dir='ltr' id='par_1_10' title="bbox 229 2611 1242 2754">
     <span class='ocr_line' id='line_1_26' title="bbox 320 2611 1242 2682; baseline 0.002 -17"><span class='ocrx_word' id='word_1_200' title='bbox 320 2611 357 2665; x_wconf 98' lang='grc'><strong>15</strong></span> <span class='ocrx_word' id='word_1_201' title='bbox 381 2611 457 2666; x_wconf 79' lang='lat' dir='ltr'><strong>Erec.</strong></span> <span class='ocrx_word' id='word_1_202' title='bbox 482 2614 558 2666; x_wconf 71' lang='lat' dir='ltr'><strong>Acri.</strong></span> <span class='ocrx_word' id='word_1_203' title='bbox 582 2617 633 2666; x_wconf 85' lang='grc'><strong>181</strong></span> <span class='ocrx_word' id='word_1_204' title='bbox 655 2614 758 2668; x_wconf 82' lang='lat' dir='ltr'><strong>Vablcc</strong></span> <span class='ocrx_word' id='word_1_205' title='bbox 778 2617 834 2681; x_wconf 77' lang='lat' dir='ltr'><strong>(op.</strong></span> <span class='ocrx_word' id='word_1_206' title='bbox 856 2613 911 2668; x_wconf 76' lang='lat' dir='ltr'><strong>Cic.</strong></span> <span class='ocrx_word' id='word_1_207' title='bbox 929 2614 962 2667; x_wconf 84' lang='lat' dir='ltr'><strong>de</strong></span> <span class='ocrx_word' id='word_1_208' title='bbox 985 2614 1038 2668; x_wconf 79' lang='lat' dir='ltr'><strong>dic.</strong></span> <span class='ocrx_word' id='word_1_209' title='bbox 1059 2614 1098 2667; x_wconf 90' lang='lat'><strong>11</strong></span> <span class='ocrx_word' id='word_1_210' title='bbox 1116 2617 1242 2682; x_wconf 81' lang='lat'><em>56,116)</em></span> 
     </span>
     <span class='ocr_line' id='line_1_27' title="bbox 229 2681 1089 2754; baseline 0.005 -20"><span class='ocrx_word' id='word_1_211' title='bbox 229 2681 432 2751; x_wconf 87' lang='lat' dir='ltr'><strong>Bellipotentes</strong></span> <span class='ocrx_word' id='word_1_212' title='bbox 451 2686 516 2737; x_wconf 90' lang='lat' dir='ltr'><strong>sunt</strong></span> <span class='ocrx_word' id='word_1_213' title='bbox 534 2684 625 2752; x_wconf 84' lang='lat' dir='ltr'><strong>magis</strong></span> <span class='ocrx_word' id='word_1_214' title='bbox 645 2701 729 2752; x_wconf 93' lang='lat' dir='ltr'><strong>quam</strong></span> <span class='ocrx_word' id='word_1_215' title='bbox 747 2684 1000 2754; x_wconf 89' lang='lat' dir='ltr'><strong>sapientipotentes</strong></span> <span class='ocrx_word' id='word_1_216' title='bbox 1020 2685 1089 2752; x_wconf 77' lang='lat' dir='ltr'><strong>(St).</strong></span> 
     </span>
    </p>
   </div>
   <div class='ocr_carea' id='block_1_5' title="bbox 228 2823 1245 3254">
    <p class='ocr_par' dir='ltr' id='par_1_11' title="bbox 228 2823 1245 3254">
     <span class='ocr_line' id='line_1_28' title="bbox 318 2823 1205 2894; baseline 0.001 -16"><span class='ocrx_word' id='word_1_217' title='bbox 318 2823 337 2878; x_wconf 98' lang='lat'>4</span> <span class='ocrx_word' id='word_1_218' title='bbox 356 2826 382 2879; x_wconf 89' lang='lat' dir='ltr'><strong>d.</strong></span> <span class='ocrx_word' id='word_1_219' title='bbox 393 2843 423 2894; x_wconf 81' lang='lat' dir='ltr'><strong>p.</strong></span> <span class='ocrx_word' id='word_1_220' title='bbox 438 2825 546 2879; x_wconf 86' lang='lat' dir='ltr'><strong>fecistis</strong></span> <span class='ocrx_word' id='word_1_221' title='bbox 565 2826 630 2880; x_wconf 85' lang='lat' dir='ltr'><strong>odd.</strong></span> <span class='ocrx_word' id='word_1_222' title='bbox 705 2826 741 2880; x_wconf 80' lang='lat'><strong>13</strong></span> <span class='ocrx_word' id='word_1_223' title='bbox 760 2825 910 2881; x_wconf 88' lang='lat' dir='ltr'><strong>Diomedes</strong></span> <span class='ocrx_word' id='word_1_224' title='bbox 929 2827 997 2892; x_wconf 81' lang='lat' dir='ltr'><strong>cdd,</strong></span> <span class='ocrx_word' id='word_1_225' title='bbox 1012 2844 1035 2880; x_wconf 91' lang='lat' dir='ltr'><strong>o.</strong></span> <span class='ocrx_word' id='word_1_226' title='bbox 1051 2826 1089 2881; x_wconf 88' lang='lat' dir='ltr'><strong>od</strong></span> <span class='ocrx_word' id='word_1_227' title='bbox 1106 2831 1152 2894; x_wconf 82' lang='lat'><strong>22,</strong></span> <span class='ocrx_word' id='word_1_228' title='bbox 1164 2832 1205 2882; x_wconf 83' lang='lat'><strong>12.</strong></span> 
     </span>
     <span class='ocr_line' id='line_1_29' title="bbox 230 2893 1244 2969; baseline 0.002 -20"><span class='ocrx_word' id='word_1_229' title='bbox 230 2893 268 2949; x_wconf 94' lang='lat'><strong>14</strong></span> <span class='ocrx_word' id='word_1_230' title='bbox 287 2895 352 2950; x_wconf 90' lang='lat' dir='ltr'><strong>Oeti</strong></span> <span class='ocrx_word' id='word_1_231' title='bbox 370 2898 405 2962; x_wconf 86' lang='lat' dir='ltr'><strong>P,</strong></span> <span class='ocrx_word' id='word_1_232' title='bbox 424 2914 472 2951; x_wconf 87' lang='lat' dir='ltr'><strong>em.</strong></span> <span class='ocrx_word' id='word_1_233' title='bbox 487 2897 546 2950; x_wconf 87' lang='lat' dir='ltr'><strong>We.</strong></span> <span class='ocrx_word' id='word_1_234' title='bbox 608 2897 686 2969; x_wconf 71' lang='lat' dir='ltr'><strong>fialte</strong></span> <span class='ocrx_word' id='word_1_235' title='bbox 705 2900 739 2965; x_wconf 91' lang='lat' dir='ltr'><strong>P,</strong></span> <span class='ocrx_word' id='word_1_236' title='bbox 757 2915 806 2952; x_wconf 86' lang='lat' dir='ltr'><strong>em.</strong></span> <span class='ocrx_word' id='word_1_237' title='bbox 822 2898 872 2952; x_wconf 81' lang='lat' dir='ltr'><strong>Fi.</strong></span> <span class='ocrx_word' id='word_1_238' title='bbox 956 2897 992 2951; x_wconf 87' lang='grc'><strong>15</strong></span> <span class='ocrx_word' id='word_1_239' title='bbox 1011 2901 1037 2951; x_wconf 88' lang='lat' dir='ltr'><strong>d.</strong></span> <span class='ocrx_word' id='word_1_240' title='bbox 1048 2916 1078 2966; x_wconf 82' lang='lat' dir='ltr'><strong>p.</strong></span> <span class='ocrx_word' id='word_1_241' title='bbox 1094 2899 1244 2952; x_wconf 84' lang='lat' dir='ltr'><strong>damnatus</strong></span> 
     </span>
     <span class='ocr_line' id='line_1_30' title="bbox 229 2966 1242 3038; baseline 0.004 -18"><span class='ocrx_word' id='word_1_242' title='bbox 229 2967 294 3021; x_wconf 85' lang='lat' dir='ltr'><strong>odd.</strong></span> <span class='ocrx_word' id='word_1_243' title='bbox 349 2966 389 3022; x_wconf 85' lang='grc'><strong>20</strong></span> <span class='ocrx_word' id='word_1_244' title='bbox 407 2966 521 3036; x_wconf 91' lang='lat' dir='ltr'><strong>sepelit·</strong></span> <span class='ocrx_word' id='word_1_245' title='bbox 541 2970 638 3037; x_wconf 87' lang='lat' dir='ltr'><strong>sparta</strong></span> <span class='ocrx_word' id='word_1_246' title='bbox 657 2969 749 3024; x_wconf 82' lang='lat' dir='ltr'><strong>ardet·</strong></span> <span class='ocrx_word' id='word_1_247' title='bbox 769 2969 847 3038; x_wconf 80' lang='lat' dir='ltr'><strong>Aput</strong></span> <span class='ocrx_word' id='word_1_248' title='bbox 865 2971 898 3024; x_wconf 89' lang='lat' dir='ltr'><strong>P.</strong></span> <span class='ocrx_word' id='word_1_249' title='bbox 964 2968 1000 3022; x_wconf 92' lang='grc'><strong>21</strong></span> <span class='ocrx_word' id='word_1_250' title='bbox 1020 2968 1155 3023; x_wconf 85' lang='lat' dir='ltr'><strong>Hercules</strong></span> <span class='ocrx_word' id='word_1_251' title='bbox 1174 2970 1242 3034; x_wconf 76' lang='lat' dir='ltr'><strong>cdd,</strong></span> 
     </span>
     <span class='ocr_line' id='line_1_31' title="bbox 228 3039 1245 3110; baseline 0 -17"><span class='ocrx_word' id='word_1_252' title='bbox 228 3056 252 3093; x_wconf 85' lang='lat' dir='ltr'><strong>o.</strong></span> <span class='ocrx_word' id='word_1_253' title='bbox 267 3040 305 3094; x_wconf 83' lang='lat' dir='ltr'><strong>ad</strong></span> <span class='ocrx_word' id='word_1_254' title='bbox 323 3044 422 3106; x_wconf 60' lang='grc'><strong>2212.</strong></span> <span class='ocrx_word' id='word_1_255' title='bbox 478 3039 638 3109; x_wconf 84' lang='lat' dir='ltr'><strong>esculapius</strong></span> <span class='ocrx_word' id='word_1_256' title='bbox 657 3043 690 3094; x_wconf 91' lang='lat' dir='ltr'><strong>P.</strong></span> <span class='ocrx_word' id='word_1_257' title='bbox 755 3040 793 3094; x_wconf 91' lang='grc'><strong>22</strong></span> <span class='ocrx_word' id='word_1_258' title='bbox 811 3041 884 3109; x_wconf 91' lang='lat' dir='ltr'><strong>pede</strong></span> <span class='ocrx_word' id='word_1_259' title='bbox 900 3042 935 3105; x_wconf 88' lang='lat' dir='ltr'><strong>P,</strong></span> <span class='ocrx_word' id='word_1_260' title='bbox 949 3058 997 3094; x_wconf 84' lang='lat' dir='ltr'><strong>em.</strong></span> <span class='ocrx_word' id='word_1_261' title='bbox 1013 3041 1058 3095; x_wconf 81' lang='lat' dir='ltr'><strong>Fi.</strong></span> <span class='ocrx_word' id='word_1_262' title='bbox 1114 3040 1245 3110; x_wconf 76' lang='lat' dir='ltr'><strong>Lycurgi</strong></span> 
     </span>
     <span class='ocr_line' id='line_1_32' title="bbox 228 3109 1245 3181; baseline 0.002 -17"><span class='ocrx_word' id='word_1_263' title='bbox 228 3127 296 3165; x_wconf 82' lang='lat' dir='ltr'><strong>corr.</strong></span> <span class='ocrx_word' id='word_1_264' title='bbox 317 3111 344 3163; x_wconf 95' lang='lat' dir='ltr'><strong><em>P</em></strong></span> <span class='ocrx_word' id='word_1_265' title='bbox 361 3128 394 3165; x_wconf 79' lang='lat' dir='ltr'><strong>cco</strong></span> <span class='ocrx_word' id='word_1_266' title='bbox 412 3110 542 3181; x_wconf 78' lang='lat' dir='ltr'><strong>Licurgi.</strong></span> <span class='ocrx_word' id='word_1_267' title='bbox 616 3109 654 3164; x_wconf 83' lang='grc'><strong>24</strong></span> <span class='ocrx_word' id='word_1_268' title='bbox 674 3112 863 3179; x_wconf 74' lang='lat' dir='ltr'><strong>desoliis12⁶</strong></span> <span class='ocrx_word' id='word_1_269' title='bbox 877 3119 902 3171; x_wconf 80' lang='lat' dir='ltr'><strong>et</strong></span> <span class='ocrx_word' id='word_1_270' title='bbox 916 3116 965 3166; x_wconf 66' lang='grc' dir='ltr'><strong>13Γ</strong></span> <span class='ocrx_word' id='word_1_271' title='bbox 979 3113 1048 3166; x_wconf 73' lang='lat' dir='ltr'><strong>lemae</strong></span> <span class='ocrx_word' id='word_1_272' title='bbox 1071 3113 1245 3180; x_wconf 71' lang='lat' dir='ltr'><strong>difficillimis</strong></span> 
     </span>
     <span class='ocr_line' id='line_1_33' title="bbox 228 3182 709 3254; baseline 0 -18"><span class='ocrx_word' id='word_1_273' title='bbox 228 3199 251 3236; x_wconf 86' lang='lat' dir='ltr'><strong>o.</strong></span> <span class='ocrx_word' id='word_1_274' title='bbox 268 3183 335 3237; x_wconf 78' lang='grc' dir='ltr'><strong>ΒΜ</strong></span> <span class='ocrx_word' id='word_1_275' title='bbox 345 3185 496 3237; x_wconf 70' lang='lat' dir='ltr'><strong>ast-287</strong></span> <span class='ocrx_word' id='word_1_276' title='bbox 510 3189 535 3236; x_wconf 81' lang='lat' dir='ltr'><strong>ct</strong></span> <span class='ocrx_word' id='word_1_277' title='bbox 548 3182 671 3254; x_wconf 70' lang='lat' dir='ltr'><strong>pracfl§</strong></span> <span class='ocrx_word' id='word_1_278' title='bbox 685 3188 709 3237; x_wconf 85' lang='lat'><strong>6.</strong></span> 
     </span>
    </p>
   </div>
   <div class='ocr_carea' id='block_1_6' title="bbox 227 3323 1244 3677">
    <p class='ocr_par' dir='ltr' id='par_1_12' title="bbox 227 3323 1244 3677">
     <span class='ocr_line' id='line_1_34' title="bbox 318 3323 1244 3394; baseline 0 -16"><span class='ocrx_word' id='word_1_279' title='bbox 318 3323 336 3378; x_wconf 80' lang='lat'><em>8</em></span> <span class='ocrx_word' id='word_1_280' title='bbox 358 3325 437 3379; x_wconf 78' lang='lat' dir='ltr'><strong>Olcm.</strong></span> <span class='ocrx_word' id='word_1_281' title='bbox 452 3326 531 3380; x_wconf 75' lang='lat' dir='ltr'><strong>Alea.</strong></span> <span class='ocrx_word' id='word_1_282' title='bbox 547 3325 637 3380; x_wconf 82' lang='lat' dir='ltr'><strong>Protr.</strong></span> <span class='ocrx_word' id='word_1_283' title='bbox 653 3325 712 3378; x_wconf 84' lang='lat' dir='ltr'><strong>IV:</strong></span> <span class='ocrx_word' id='word_1_284' title='bbox 738 3323 843 3393; x_wconf 81' lang='grc' dir='ltr'><strong><em>σκηνὴν</em></strong></span> <span class='ocrx_word' id='word_1_285' title='bbox 861 3323 1031 3392; x_wconf 78' lang='grc' dir='ltr'><strong><em>πεποιήκατε</em></strong></span> <span class='ocrx_word' id='word_1_286' title='bbox 1050 3325 1100 3380; x_wconf 81' lang='grc' dir='ltr'><strong>τὸν</strong></span> <span class='ocrx_word' id='word_1_287' title='bbox 1119 3324 1244 3394; x_wconf 74' lang='grc' dir='ltr'><strong><em>οὐρανόν</em></strong></span> 
     </span>
     <span class='ocr_line' id='line_1_35' title="bbox 229 3393 1243 3464; baseline 0 -15"><span class='ocrx_word' id='word_1_288' title='bbox 229 3395 318 3462; x_wconf 82' lang='lat' dir='ltr'><strong>(We).</strong></span> <span class='ocrx_word' id='word_1_289' title='bbox 427 3393 446 3449; x_wconf 93' lang='lat'>4</span> <span class='ocrx_word' id='word_1_290' title='bbox 467 3397 557 3450; x_wconf 80' lang='lat' dir='ltr'><strong>Mart.</strong></span> <span class='ocrx_word' id='word_1_291' title='bbox 573 3400 647 3464; x_wconf 84' lang='lat'><em>7‚27</em></span> <span class='ocrx_word' id='word_1_292' title='bbox 666 3397 785 3450; x_wconf 86' lang='lat' dir='ltr'><strong>errantis</strong></span> <span class='ocrx_word' id='word_1_293' title='bbox 804 3395 891 3449; x_wconf 90' lang='lat' dir='ltr'><strong>animi</strong></span> <span class='ocrx_word' id='word_1_294' title='bbox 910 3395 987 3450; x_wconf 84' lang='lat' dir='ltr'><strong>vitia.</strong></span> <span class='ocrx_word' id='word_1_295' title='bbox 1013 3397 1243 3463; x_wconf 76' lang='lat' dir='ltr'><strong>88,1901ranti-</strong></span> 
     </span>
     <span class='ocr_line' id='line_1_36' title="bbox 227 3465 1242 3536; baseline 0.002 -17"><span class='ocrx_word' id='word_1_296' title='bbox 227 3466 280 3520; x_wconf 87' lang='lat' dir='ltr'><strong>bus</strong></span> <span class='ocrx_word' id='word_1_297' title='bbox 295 3465 382 3520; x_wconf 90' lang='lat' dir='ltr'><strong>animi</strong></span> <span class='ocrx_word' id='word_1_298' title='bbox 397 3465 610 3536; x_wconf 88' lang='lat' dir='ltr'><strong>cupiditatibus.</strong></span> <span class='ocrx_word' id='word_1_299' title='bbox 624 3469 746 3522; x_wconf 85' lang='lat' dir='ltr'><strong><em>LXXX</em></strong></span> <span class='ocrx_word' id='word_1_300' title='bbox 751 3467 812 3522; x_wconf 87' lang='lat' dir='ltr'><strong>VII</strong></span> <span class='ocrx_word' id='word_1_301' title='bbox 814 3465 826 3493; x_wconf 74' lang='lat'><strong><em>⁰</em></strong></span> <span class='ocrx_word' id='word_1_302' title='bbox 835 3468 871 3521; x_wconf 92' lang='lat' dir='ltr'><strong>II</strong></span> <span class='ocrx_word' id='word_1_303' title='bbox 884 3473 920 3522; x_wconf 85' lang='lat'><strong>13</strong></span> <span class='ocrx_word' id='word_1_304' title='bbox 934 3468 1052 3522; x_wconf 85' lang='lat' dir='ltr'><strong>errantis</strong></span> <span class='ocrx_word' id='word_1_305' title='bbox 1067 3467 1155 3522; x_wconf 88' lang='lat' dir='ltr'><strong>animi</strong></span> <span class='ocrx_word' id='word_1_306' title='bbox 1164 3468 1242 3522; x_wconf 85' lang='lat' dir='ltr'><strong>vitia.</strong></span> 
     </span>
     <span class='ocr_line' id='line_1_37' title="bbox 228 3538 1242 3610; baseline 0.001 -19"><span class='ocrx_word' id='word_1_307' title='bbox 228 3538 246 3591; x_wconf 95' lang='grc'><strong>5</strong></span> <span class='ocrx_word' id='word_1_308' title='bbox 269 3538 304 3603; x_wconf 76' lang='lat' dir='ltr'><strong>cf.</strong></span> <span class='ocrx_word' id='word_1_309' title='bbox 321 3542 382 3604; x_wconf 85' lang='lat'><strong>7,1.</strong></span> <span class='ocrx_word' id='word_1_310' title='bbox 486 3538 522 3592; x_wconf 81' lang='lat'><strong>13</strong></span> <span class='ocrx_word' id='word_1_311' title='bbox 547 3540 637 3593; x_wconf 74' lang='lat' dir='ltr'><strong>Mart.</strong></span> <span class='ocrx_word' id='word_1_312' title='bbox 657 3544 702 3606; x_wconf 86' lang='lat'><strong>19,</strong></span> <span class='ocrx_word' id='word_1_313' title='bbox 716 3543 754 3594; x_wconf 79' lang='lat'><strong>22</strong></span> <span class='ocrx_word' id='word_1_314' title='bbox 778 3538 889 3610; x_wconf 89' lang='lat' dir='ltr'><strong>integer</strong></span> <span class='ocrx_word' id='word_1_315' title='bbox 914 3538 1023 3593; x_wconf 89' lang='lat' dir='ltr'><strong>sobrius</strong></span> <span class='ocrx_word' id='word_1_316' title='bbox 1052 3556 1085 3593; x_wconf 89' lang='lat' dir='ltr'><strong>ac</strong></span> <span class='ocrx_word' id='word_1_317' title='bbox 1112 3539 1242 3610; x_wconf 89' lang='lat' dir='ltr'><strong>pudicus.</strong></span> 
     </span>
     <span class='ocr_line' id='line_1_38' title="bbox 227 3609 787 3677; baseline 0.004 -15"><span class='ocrx_word' id='word_1_318' title='bbox 227 3610 262 3676; x_wconf 76' lang='lat' dir='ltr'><strong>ef.</strong></span> <span class='ocrx_word' id='word_1_319' title='bbox 278 3613 377 3674; x_wconf 80' lang='lat'><strong>30,22.</strong></span> <span class='ocrx_word' id='word_1_320' title='bbox 398 3614 497 3677; x_wconf 64' lang='lat' dir='ltr'><strong>sure.</strong></span> <span class='ocrx_word' id='word_1_321' title='bbox 517 3609 751 3665; x_wconf 64' lang='lat' dir='ltr'><strong><em>LXXXIX‘H</em></strong></span> <span class='ocrx_word' id='word_1_322' title='bbox 763 3614 787 3664; x_wconf 85' lang='lat'><strong>7.</strong></span> 
     </span>
    </p>
   </div>
   <div class='ocr_carea' id='block_1_7' title="bbox 0 0 1347 4062">
    <p class='ocr_par' dir='ltr' id='par_1_13' title="bbox 0 0 1347 4062">
     <span class='ocr_line' id='line_1_39' title="bbox 0 0 1347 4062; baseline 0 0"><span class='ocrx_word' id='word_1_323' title='bbox 0 0 1347 4062; x_wconf 95' lang='lat' dir='ltr'><strong> </strong></span> 
     </span>
    </p>
   </div>
  </div>
 </body>
</html>
