2698 4068
293 166 342 220 Da
361 165 509 220 ERRORE
527 165 631 221 PROF.
646 167 724 220 RRla
745 165 961 221 uAP.1x-x11
1088 166 1130 229 27

205 333 361 394 Sabazium
388 336 519 395 colentes
546 335 657 408 lovem,
686 352 813 412 anguem
841 353 908 393 eum
931 335 1056 393 initiant
1078 354 1133 410 per

114 426 212 482 sinum
241 423 360 484 ducunt.
406 423 512 483 Adhuc
538 423 629 500 primi
657 425 764 483 erroris
792 424 869 483 vitia
894 430 1078 501 grassantur,
1102 427 1132 482 et

114 513 251 588 quicquit
272 513 407 572 homines
430 513 560 588 perdidit
578 513 694 587 colitur,
715 516 744 572 et
763 514 876 571 funesti
894 514 1001 590 anguis
1021 512 1132 571 callida

114 619 150 660 ac
172 603 324 661 malitiosa
347 603 509 662 crudelitas
533 603 683 662 adoratur.

87 711 99 750 a
203 691 254 749 XI.
277 691 313 748 In
337 691 428 751 sacris
453 690 656 768 Corybantum
679 690 875 767 parricidium
898 690 1014 750 colitur.
1051 691 1130 748 Nam

113 799 189 838 unus
212 782 347 840 fratcre
375 780 491 840 duobus
518 781 713 855 interemptus
742 783 795 854 est,
824 783 854 838 et
881 797 918 837 ne
946 779 1026 855 quod
1049 779 1130 838 indi·

113 871 193 928 cium
211 888 314 928 necem
333 871 483 928 fraternae
501 871 606 928 mortis
622 869 760 945 spernet,
775 868 829 927 sub
843 869 994 928 radicibus
1009 867 1131 944 Olympi

112 959 223 1017 montis
252 977 270 1017 a
296 959 454 1034 parricidis
477 959 620 1018 fratribus
644 960 840 1017 consecratur.
887 957 976 1016 Hunc
1005 957 1131 1016 eundem

112 1047 309 1106 Macedonum
340 1048 411 1108 colit
438 1048 533 1108 stulta
559 1049 721 1124 persuasio.
768 1045 827 1105 Hic
854 1048 899 1106 est
929 1045 1053 1106 Cabirus
1081 1047 1130 1106 cui

72 1158 99 1196 ιο
113 1136 394 1196 Thessalonicenses
417 1137 566 1212 quondam
590 1140 714 1195 cruento
740 1134 871 1194 cruentis
896 1137 1034 1194 manibus
1063 1154 1130 1212 sup·
1146 1147 1193 1197 (⁹2)

113 1226 274 1300 plicabant.
292 1219 294 1306 t
313 1224 568 1284 Considerandum
603 1227 705 1301 itaque
739 1228 784 1283 est
816 1224 905 1300 quale
938 1225 978 1284 sit
1011 1244 1130 1300 numen,
1141 1239 1181 1286 sol·
1192 1238 1234 1276 11r

113 1314 194 1390 quod
220 1314 410 1390 parricidalis
434 1315 565 1372 amentia
592 1317 626 1373 ut
652 1313 850 1389 parricidium
872 1313 983 1373 celaret
1007 1314 1130 1373 invenit.

203 1403 269 1460 XII.
294 1403 483 1479 Quapropter
505 1405 685 1479 quicumque
708 1403 782 1462 haec
801 1421 886 1461 sacra
905 1403 1014 1463 devota
1032 1405 1132 1461 mente

115 1494 282 1567 veneratam,
306 1492 481 1567 cuicumque
504 1492 603 1567 placet
626 1493 848 1567 superstitionis
865 1491 953 1551 istius
972 1491 1132 1550 metuenda

73 1601 99 1642 15
114 1583 264 1658 contagio,
279 1586 331 1640 aut
349 1575 450 1658 (diis)
469 1581 530 1640 suis
549 1581 694 1640 solacium
712 1582 839 1656 quaerit,
858 1585 911 1640 aut
929 1581 1064 1640 facinora
1084 1599 1131 1638 eo-

113 1689 180 1734 mm
194 1671 289 1730 tacita
303 1669 487 1750 cogitatione
502 1669 671 1743 conlaudat,
685 1670 742 1729 hoc
756 1673 881 1745 optans·
896 1670 952 1728 hoc
971 1683 1130 1746 quaerens·

113 1760 169 1818 hoc
196 1759 301 1834 utique
328 1778 509 1836 magnopere
536 1758 717 1833 desiderans,
744 1761 779 1818 ut
806 1762 837 1817 et
860 1759 917 1818 sibi
939 1760 1029 1818 liceat
1051 1759 1131 1835 quod

114 1848 172 1906 diis
196 1850 258 1907 suis
281 1849 376 1922 licuit,
399 1852 434 1906 ut
453 1852 483 1907 et
502 1867 532 1907 se
552 1847 590 1906 ad
609 1850 793 1907 consortium
814 1848 886 1907 talis
909 1850 991 1908 ritae
1015 1867 1130 1907 morum

114 1936 278 1998 similitudo
305 1938 458 2013 perducat.
503 1938 661 1996 Adulterio
689 1937 856 1997 delectatur
879 1937 1003 2013 aliquis:
1030 1935 1166 1996 Ιονοιιι2

73 2047 100 2086 20
114 2027 244 2100 respicit,
269 2027 390 2086 atinde
418 2026 592 2104 cupiditatis
615 2045 686 2086 suae
709 2026 841 2084 fomenta
865 2026 1027 2102 conquirit3
1060 2026 1131 2086 Pro-

115 2114 166 2174 bat
193 2117 331 2175 imitatur
358 2119 387 2175 et
415 2116 528 2192 laudat,
558 2116 638 2191 quod
665 2115 736 2175 deus
764 2134 834 2174 suus
861 2116 893 2172 in
922 2133 1018 2192 cygno
1041 2115 1131 2190 fallit,

204 2249 220 2302 1
240 2248 357 2303 initiant
375 2251 459 2305 PBu
469 2252 530 2318 Ha,
551 2249 702 2303 initiantur
720 2249 759 2303 ai
782 2255 807 2302 et
825 2249 964 2304 Dieterictr
983 2251 1132 2315 (Mithres-

115 2321 226 2391 lituryie
239 2339 269 2388 p.
286 2321 362 2387 123²,
381 2322 416 2389 ef.
433 2321 476 2376 Fr
489 2340 519 2390 p.
535 2325 598 2388 21).·
617 2327 648 2374 ut
665 2327 690 2374 et
709 2322 840 2375 obiectum
853 2321 985 2385 facillime
1003 2323 1132 2389 suppleas

114 2397 140 2444 et
156 2409 275 2461 anynem
293 2394 371 2446 illum
390 2409 447 2448 uon
465 2395 500 2447 ab
519 2395 587 2462 ipsis
606 2394 700 2464 mystis
718 2392 868 2445 initiandis
881 2409 933 2459 per
954 2394 1047 2445 sinum
1065 2393 1130 2446 cluc-

114 2467 174 2516 tum
192 2479 254 2529 esse,
277 2464 324 2517 sed
341 2465 512 2519 sacerdotum
530 2466 615 2530 fuisse
633 2465 682 2518 boe
700 2469 901 2518 sacramentum
924 2464 1131 2530 conficiendum,

114 2539 147 2588 ut
164 2551 193 2587 re
206 2541 292 2602 patet,
310 2537 352 2588 tta
370 2537 439 2603 ipsis
454 2535 597 2590 Oteuientis
611 2535 803 2588 Alexandrini
820 2536 907 2589 uerbis
925 2551 992 2603 quos
1011 2535 1132 2601 afferunt

109 2606 229 2674 probari
245 2606 360 2672 videtur,
379 2607 660 2675 Protrept.1116‚2,
674 2624 704 2674 p.
720 2609 764 2672 13,
776 2609 812 2659 18
830 2605 953 2660 Stdblin:
981 2602 1131 2676 Σαβαζίων

114 2683 184 2746 γοῦν
203 2673 360 2745 μυστηρίων
379 2676 517 2770 criptulae
539 2686 598 2740 τοῖς
621 2675 789 2747 μυουμένοις
808 2675 823 2730 ὁ
847 2675 896 2730 dide
919 2674 1024 2731 κόλπου
1049 2674 1129 2740 θεός·

115 2747 229 2813 δράκων
248 2746 280 2802 δέ
299 2747 373 2803 ἐστιν
393 2768 473 2810 ουτος
492 2745 669 2818 διελκόμενος
687 2757 737 2802 τοῦ
756 2746 862 2802 κόλπου
880 2757 936 2801 τῶν
950 2747 1130 2815 τελουμένων.

116 2819 158 2884 Of.
174 2821 278 2873 Arnob.
300 2821 387 2873 Vir.-
406 2819 539 2889 (Sebadia
562 2823 651 2888 sacra)
669 2819 699 2872 in
723 2819 825 2886 quibus
850 2835 950 2873 aureus
969 2819 1084 2873 coluber
1102 2819 1132 2872 in
1151 2826 1159 2836 ‘

115 2889 207 2943 sinum
228 2890 387 2945 demittitur
406 2890 574 2946 consecratis
594 2894 623 2944 et
641 2891 773 2944 eximitur
791 2908 886 2944 nurus
901 2889 936 2944 ab
951 2890 1132 2944 inferioribus

114 2961 244 3030 partibus
268 2964 353 3030 atque
377 2961 449 3016 imis.
487 2965 578 3032 Atque
601 2964 683 3016 etiam
706 2963 832 3032 rhythmo
856 2963 993 3017 lectionem
1016 2961 1132 3016 initiant

114 3034 276 3100 confirmari
293 3040 382 3088 monet
400 3033 451 3089 St:
469 3051 668 3088 ωυ.-υ--ῡ.
779 3033 796 3086 8
815 3033 975 3102 parricidiis
995 3035 1028 3087 P.

115 3105 134 3156 t)
153 3104 268 3175 gabirus
282 3107 316 3172 P,
331 3121 379 3160 em.
396 3107 454 3161 Wo.
565 3105 602 3159 10
622 3107 736 3158 cruento
751 3103 842 3176 (ore)
858 3106 916 3172 Ha,
930 3105 977 3159 sed
990 3121 1014 3159 c.
1030 3105 1075 3159 Fr
1086 3109 1130 3160 21.

117 3176 152 3229 ll
172 3177 360 3245 cinnamon
378 3177 442 3231 add.
463 3177 498 3242 et.
514 3182 557 3242 11,
568 3181 593 3231 7.
668 3175 705 3229 12
725 3175 830 3230 coleret
843 3193 897 3245 pro
916 3175 1021 3230 celaret
1035 3176 1094 3231 Wo.

118 3245 154 3299 14
175 3247 327 3318 eupstionis
347 3250 380 3302 P.
460 3248 497 3302 la
517 3248 572 3301 diis
591 3248 628 3303 St
646 3249 678 3301 cl.
695 3251 775 3314 7,29.
799 3251 844 3314 21,
854 3252 878 3301 3.
898 3251 943 3314 24,
955 3252 997 3302 15.
1017 3252 1063 3312 29,
1082 3252 1132 3313 11;

114 3317 198 3371 malie
217 3319 244 3372 P
261 3325 286 3374 et
299 3337 344 3388 pr.
383 3320 431 3373 An
454 3318 537 3373 malis
560 3319 706 3374 tenendum
726 3320 770 3384 (cl.
789 3323 895 3386 28,19)
916 3325 941 3372 et
958 3336 1012 3386 pro
1036 3334 1132 3372 eorum

114 3391 287 3444 scribendum
306 3391 421 3444 deorum
439 3399 472 3445 ut
490 3395 534 3456 40,
545 3391 604 3445 10?
722 3388 759 3442 lo
779 3391 805 3444 d.
815 3408 846 3458 p.
866 3391 967 3458 optans
987 3389 1050 3444 add.

6 3491 10 3498 -
117 3459 153 3512 21
174 3460 314 3515 imitatur·
335 3464 364 3515 et
382 3463 416 3516 P.

207 3567 244 3620 12
263 3568 298 3635 cs.
313 3569 352 3622 ad
371 3572 417 3635 38,
428 3573 453 3622 t.
