2698 4068
204 235 291 290 xnrv
520 197 523 206 ’
607 233 814 289 Psintino

204 406 281 464 ticni
309 404 419 464 codicis
447 403 643 463 Alexandrini
670 401 794 477 αὐτούς,
826 407 927 462 temen
956 423 991 461 ex
1014 423 1048 463 eo
1072 403 1152 478 quod
1175 421 1220 463 se-

206 494 309 568 quitur
331 494 517 568 regnabimus
540 493 701 552 Firmicnm
724 487 802 569 ἡμᾶς
834 491 1028 567 quodetiam
1052 491 1220 568 Cyprianus

206 585 237 642 et
259 582 423 641 Primasius
445 581 557 640 habent
579 581 686 658 legisse
710 581 903 642 manifestum
926 574 991 640 est'
1037 581 1219 640 Bursienum

205 677 323 731 secutus
352 671 562 730 est'Helmius
591 673 727 746 quamvis
758 671 867 729 litteris
895 670 1046 729 inclinatis
1074 672 1221 729 incertam

205 760 363 819 lectionem
395 751 611 840 (reynoldimns
642 758 786 819 indicans.
843 757 900 817 Sed
932 761 1034 836 aperte
1063 761 1096 817 in
1120 759 1221 818 codice
1344 763 1345 800 ³

205 851 303 908 exstat
324 849 489 922 repnodrmt
516 849 626 907 litteris
653 853 686 907 nt
707 849 882 906 maiusculis
910 850 941 907 in
965 848 1126 926 ligaturam
1151 867 1219 907 con-

204 938 288 1012 fusis,
307 937 386 1014 quod
406 937 583 1026 Skutsphins
605 940 666 996 iam
688 937 804 1013 pridem
828 937 994 1013 suspicatus
1019 939 1091 998 erat.
1128 938 1220 996 Recte

138 1070 141 1076 -
204 1027 299 1104 igitur
331 1027 422 1086 etiam
454 1043 501 1085 eos
533 1044 564 1084 se
596 1026 694 1086 habet.
717 1057 763 1067 -·
784 1025 820 1084 ln
853 1026 910 1085 fine
942 1026 1009 1085 folii
1034 1019 1201 1108 (xxvsss

205 1115 369 1175 Bursienus
392 1116 511 1193 legebat
534 1107 703 1195 (Neminem
725 1119 798 1189 aput
818 1115 899 1175 idolo
916 1105 1061 1190 profusus
1082 1117 1205 1188 smegma

205 1207 311 1272 munit,
341 1205 419 1279 quod
447 1224 506 1280 quo
534 1205 622 1264 modo
650 1203 786 1282 intellegi
812 1204 907 1280 possit
934 1223 992 1263 non
1015 1203 1219 1280 perspicimus.

207 1294 328 1352 Rectius
351 1294 471 1352 Flacius
493 1297 564 1370 post
588 1295 719 1369 quinque
741 1293 773 1351 in
796 1292 854 1351 fine
877 1293 974 1352 lineae
997 1294 1100 1352 hastas
1121 1296 1219 1352 rectas

206 1374 290 1462 (nem
312 1385 358 1441 nit
378 1385 467 1442 initio
490 1383 587 1442 lineae
615 1383 799 1457 insequentis
828 1383 970 1457 scriptum
999 1374 1057 1461 est)
1085 1382 1220 1441 litteram

205 1490 220 1531 e
238 1476 401 1549 agnoverat
420 1475 450 1530 et
473 1476 640 1531 correxerat
662 1473 779 1532 iuuerit.
817 1472 858 1530 At
877 1471 1007 1546 quinque
1025 1471 1096 1530 illae
1114 1471 1219 1530 hastae

204 1579 258 1620 nec
280 1581 331 1619 mn
354 1565 424 1620 sunt
446 1579 500 1620 nec
522 1563 584 1632 inu,
608 1561 659 1620 sed
681 1563 749 1620 inu:
780 1561 933 1619 Neminem
957 1564 1029 1633 opat
1050 1561 1130 1619 idolo
1147 1578 1218 1632 pro-

204 1651 291 1721 fusus
308 1652 431 1724 sompnis
448 1652 565 1709 incenit.
602 1649 685 1709 Haec
704 1649 795 1709 verba
814 1652 844 1709 et
867 1651 899 1707 in
923 1649 1088 1708 clausulam
1111 1653 1219 1708 exeunt

206 1740 351 1814 optimam
371 1742 402 1797 et
420 1757 539 1798 sensnm
557 1738 701 1814 praebent
725 1739 923 1814 aptissimum.
965 1739 1044 1798 Nam
1067 1737 1138 1813 quid
1162 1737 1220 1797 sibi

204 1819 283 1886 velit'
297 1829 354 1886 hoc
372 1828 437 1886 loco
456 1827 579 1886 verbum
597 1828 729 1886 invenire
747 1829 888 1904 positum,
907 1827 996 1885 facile
1014 1827 1218 1903 intellegimus

206 1915 316 1974 collate
339 1917 404 1974 loco
418 1916 501 1973 XXV
517 1918 549 1974 2:
581 1915 630 1974 Sic
649 1916 752 1974 diuino
770 1917 955 1988 dispositione
978 1918 1106 1988 quicquit
1118 1915 1220 1975 Adom

201 2006 331 2078 perdidit
355 2005 488 2064 Otristus
510 2006 627 2064 inuenit.
674 2002 787 2064 Christi
814 2005 907 2082 igitur
934 2007 1056 2082 sangnis
1079 2006 1219 2081 profusus

202 2093 351 2169 perditem
378 2094 548 2153 hominibus
577 2094 704 2152 salutem
731 2094 779 2153 vel
810 2094 891 2169 ipsos
923 2094 1056 2169 perditos
1083 2094 1218 2153 homines

203 2185 327 2256 invenit,
351 2186 425 2260 aput
446 2183 528 2242 idola
550 2183 689 2259 profusus
713 2185 834 2260 sanguis
857 2185 1005 2242 neminem
1028 2184 1150 2242 invenit.

151 2287 192 2346 §t
293 2273 399 2331 Restat
417 2277 451 2331 ut
470 2274 505 2331 de
525 2274 628 2332 nostra
646 2271 752 2331 edendi
770 2274 886 2332 ratione
900 2291 996 2347 pauca
1011 2272 1215 2349 adiungamus.

202 2361 382 2420 Notavimus
406 2361 460 2420 snb
483 2365 567 2420 textu
589 2379 690 2420 omnes
713 2363 796 2420 unici
819 2361 928 2420 codicis
953 2362 1093 2432 lectiones
1113 2380 1132 2419 n
1150 2379 1218 2420 con-

202 2452 286 2509 textu
300 2453 402 2509 nostro
412 2452 623 2527 discrepantes
636 2452 785 2509 tacuimus
800 2449 939 2509 editionis
949 2450 1093 2527 principis
1108 2450 1219 2524 sordes,

203 2542 238 2597 ut
270 2558 360 2615 quam
393 2559 427 2598 ex
458 2539 598 2599 Palatino
632 2540 731 2598 codice
767 2539 887 2598 fluxisse
923 2541 989 2598 luce
1028 2539 1136 2598 clerins
1169 2538 1217 2598 sit.

204 2627 289 2686 Unde
313 2628 388 2686 nihil
406 2629 498 2688 refert
521 2629 557 2688 de
579 2629 635 2687 illa
653 2630 813 2688 memorari
835 2629 895 2688 nisi
918 2647 994 2704 quae
1017 2628 1091 2687 locis
1115 2630 1218 2704 aperte

202 2719 233 2774 in
258 2717 359 2776 codice
382 2719 530 2793 corruptis
550 2718 669 2776 Flecius
691 2720 861 2777 tentaverit.
910 2715 1081 2776 Ceterorum
1104 2719 1216 2776 coniec-

201 2809 294 2879 turae,
317 2807 375 2865 nisi
399 2825 475 2882 quae
497 2808 607 2866 rectius
631 2808 708 2866 lecto
737 2806 836 2865 codice
858 2805 963 2864 irritae
986 2807 1082 2865 fectae
1111 2809 1217 2879 essent,

202 2894 369 2972 diligenter.
384 2896 549 2956 attulimus.
595 2894 640 2953 De
664 2896 855 2954 distinctione
883 2895 992 2954 codicis
1016 2914 1107 2970 quem
1132 2913 1217 2954 aceu-

201 2985 350 3042 ratissime
382 2984 413 3042 in
446 2986 595 3060 apparatu
627 2985 810 3059 rettulimus3
850 2984 924 3043 scito
954 2985 1057 3061 igitur,
1090 2984 1142 3042 ubi
1173 2984 1217 3042 nil

202 3073 419 3147 adnotavimus,
448 3073 490 3131 ibi
514 3073 644 3132 codicem
668 3091 721 3132 nos
745 3092 862 3149 semper
883 3074 916 3131 in
939 3073 1148 3151 distinguendo
1173 3091 1216 3132 se-

202 3165 286 3220 cutos
310 3180 380 3222 csse.
422 3162 467 3221 De
486 3163 665 3222 testimoniis
685 3181 837 3221 sacrarum
856 3163 1018 3223 lectionum
1037 3162 1109 3222 satis
1128 3161 1216 3220 habe·
1336 3201 1345 3228 μ

201 3268 267 3309 mus
299 3250 440 3310 Bursiani
471 3252 562 3310 verba
595 3243 701 3333 (praef.
730 3272 757 3328 p.
785 3251 829 3310 IX
848 3243 906 3332 sq.)
939 3251 1128 3328 expressisse:
1152 3247 1171 3309 ἱ
1187 3298 1215 3311 ..

201 3339 393 3399 manifestum
417 3343 462 3400 est
483 3339 647 3399 Firmicum
670 3359 754 3399 usum
779 3359 842 3400 esse
866 3342 964 3399 vetere
992 3341 1046 3398 illa
1073 3340 1217 3399 librorum

202 3446 353 3490 sacrorum
370 3431 617 3505 interpretatione
636 3428 746 3489 Latina
765 3429 893 3488 secundo
911 3448 940 3504 p.
961 3428 1027 3488 chr.
1046 3449 1073 3490 n.
1099 3430 1216 3488 sacerdo

200 3517 233 3574 in
255 3515 359 3576 Africa
386 3523 459 3578 neta
486 3519 521 3577 de
550 3537 610 3594 qna
638 3518 714 3577 dixit
736 3518 945 3577 Lachmannns
974 3520 1007 3576 in
1029 3519 1216 3594 praefatione

200 3608 271 3664 novi
301 3607 473 3666 testamenti
502 3609 574 3667 tom.
599 3608 623 3682 I,
651 3627 678 3682 p.
705 3609 788 3682 qu.
812 3653 817 3663 .
902 3606 1079 3682 Plerumque
1116 3609 1216 3666 autem
