2698 4068
300 205 350 259 Da
369 205 516 261 aRaoaa
536 204 638 259 Paos.
654 204 740 278 aab„
754 203 831 258 cAP.
846 203 947 257 V-VI
1088 203 1129 266 15

203 375 254 434 VI.
288 374 337 435 Sic
369 379 439 435 sunt
470 373 665 434 sacratissimi
700 376 895 450 imperatores
932 373 1079 431 elementa
1111 393 1129 432 a

33 475 35 478 ’
113 464 238 539 perditis
260 465 429 524 hominibus
453 467 632 524 consecrata.
670 463 729 521 Sed
752 463 849 521 adhuc
872 466 1032 538 supersunt
1051 462 1127 521 aliae

2 617 3 624 χ
113 555 338 630 superstitiones
372 573 497 628 quarum
530 555 643 612 secreta
674 551 832 628 pandenda
864 553 945 610 sunt:
978 550 1128 609 Liberi·et

1 649 3 686 l
113 640 237 703 Liberae
261 662 337 719 quae
361 644 461 702 omnia
481 644 572 702 sacris
592 640 724 700 sensibus
743 643 850 700 vestris
869 640 1040 720 specialiter
1057 641 1127 699 inti-

86 731 222 794 smanda
249 735 328 806 sunt,
359 735 395 791 ut
424 735 454 792 et
483 732 515 790 in
544 733 610 791 istis
640 731 774 806 profanis
803 729 998 806 religionibus
1026 731 1127 789 sciatis

111 823 221 880 mortes
245 839 307 880 esse
330 822 484 881 hominum
508 822 703 880 consecratas.
740 818 830 877 Liber
848 820 950 894 itaque
969 818 1050 878 Iovis
1068 819 1128 878 fuit

1 919 2 946 ³
111 909 199 983 filius,
217 912 296 987 regis
316 911 431 970 scilicet
446 908 563 970 Cretici.
591 909 648 968 Hic
668 928 735 967 cum
753 909 860 966 fuisset
878 907 1013 966 adultera
1032 911 1127 967 matre

0 1070 1 1085 χ
111 1002 299 1077 progenitus,
328 999 518 1059 nutriebatur
541 1001 616 1074 aput
638 1001 755 1073 patrem
778 997 941 1056 studiosius
965 1016 1055 1072 quam
1078 996 1126 1056 de-

113 1089 206 1148 cebat.
266 1089 348 1147 Uxor
379 1088 460 1148 Iovis
493 1090 543 1148 cui
574 1088 683 1146 Iunoni
719 1088 778 1146 fuit
808 1104 929 1160 nomen,
961 1087 1126 1146 novercalis
1170 1119 1173 1124 Δ

70 1179 205 1240 inanimi
222 1178 322 1236 furore
341 1178 545 1236 commota·ad
568 1195 670 1236 necem
687 1175 813 1234 infantis
832 1175 1022 1235 omnifariam
1040 1194 1126 1250 para-

1 1285 2 1294 *
110 1266 164 1325 bat
177 1266 309 1326 insidias.
347 1265 539 1326 Proficiscens
563 1283 686 1342 peregre
709 1269 795 1340 pater
813 1265 887 1340 quia
904 1263 1126 1340 indignationes
1145 1282 1161 1329 a

110 1358 219 1414 tacitas
238 1356 352 1416 sciebat
370 1357 478 1430 uxoris,
501 1375 538 1414 ne
558 1355 631 1430 quid
651 1353 687 1412 ab
710 1356 791 1413 irata
804 1353 928 1412 muliere
947 1353 1015 1412 dolo
1033 1352 1126 1428 fieret,

108 1444 224 1503 idoneis
254 1445 331 1504 sicut
360 1443 418 1504 sibi
446 1444 606 1503 videbatur
637 1443 810 1502 custodibus
841 1443 969 1501 tutelam
1001 1442 1127 1501 credidit

108 1531 172 1590 filii.
220 1534 304 1594 Tunc
332 1533 408 1592 Iuno
438 1535 639 1610 opportunum
666 1532 844 1590 insidiarum
866 1534 975 1590 nancta
998 1534 1126 1607 tempus,

69 1625 140 1685 1591
170 1642 204 1682 ex
233 1624 290 1683 hoc
312 1624 421 1682 fortius
445 1622 643 1695 inflammata,
673 1623 745 1697 quia
769 1620 957 1696 proficiscens
986 1623 1073 1695 pater
1096 1623 1126 1679 et
1144 1634 1190 1685 (aa)

19 1781 21 1785 ,
109 1711 214 1770 sellam
243 1713 327 1790 regni
357 1730 448 1787 puero
478 1711 703 1770 tradiderat·et
725 1713 883 1786 sceptrum,
907 1709 1042 1768 custodes
1065 1711 1125 1785 pri-

107 1821 190 1860 mum
222 1801 372 1879 regalibus
404 1802 546 1877 praemiis
578 1799 808 1874 muneribusque
841 1800 986 1874 corrupit,
1019 1797 1124 1858 deinde

1 1889 3 1901 '
108 1892 252 1950 satellites
272 1909 341 1950 suos
357 1893 411 1965 qui
425 1891 546 1949 Titanes
560 1889 754 1962 vocabantur,
768 1889 799 1946 in
813 1887 1004 1948 interioribus
1024 1890 1123 1966 regiae

1 2005 2 2012 ¹
107 1979 188 2038 locat
201 1979 346 2057 partibus,
361 1984 391 2038 et
405 1979 573 2055 crepundiis
588 1997 622 2037 ac
637 1978 757 2055 speculo
773 1977 895 2036 adfabre
909 1977 1123 2037 factoanimoa

1 2133 2 2136 ,
67 2091 93 2130 ao
107 2068 151 2126 ita
181 2071 310 2144 pueriles
339 2070 458 2142 inlexit,
489 2072 523 2127 ut
552 2068 676 2127 desertis
706 2066 797 2143 regiis
829 2066 947 2126 sedibus
981 2066 1018 2125 ad
1049 2068 1122 2126 insi-

107 2157 225 2218 diarum
256 2158 496 2234 locumpuerilis
529 2158 623 2215 animi
660 2156 805 2214 desiderio
838 2155 1000 2216 duceretur.
1054 2155 1157 2220 Illica

1 2307 2 2310 ,
105 2246 287 2325 interceptus
310 2247 493 2321 trucidatur,
523 2249 554 2306 et
576 2248 611 2305 ut
633 2245 749 2304 nullum
772 2245 868 2320 possit
890 2245 970 2303 necis
993 2245 1123 2303 inveniri

1 2415 2 2418 Ἴ
105 2337 278 2414 vestigium,
315 2337 520 2412 particulatim
552 2334 686 2393 membra
718 2335 836 2392 canona
867 2333 1032 2392 satellitum
1064 2334 1122 2392 sibi

105 2425 213 2485 dividit
235 2425 332 2484 turba.
379 2426 461 2483 Tunc
484 2427 519 2483 ut
540 2425 610 2482 huic
633 2424 761 2483 facinori
788 2422 871 2481 aliud
893 2422 1009 2482 facinus
1032 2421 1121 2481 adde·

64 2537 90 2576 as
104 2516 195 2585 retur,
216 2517 286 2589 quia
300 2514 490 2574 vehementer
503 2513 625 2589 tyranni
639 2511 799 2570 crudelitas
814 2510 985 2584 timebatur,
1000 2511 1120 2570 decocta

104 2603 195 2661 variis
226 2602 383 2679 generibus
415 2603 500 2677 pueri
535 2602 668 2661 membra
704 2603 893 2674 consumunt,
930 2604 965 2659 ut
996 2600 1120 2659 humani

194 2755 210 2809 1
230 2756 268 2810 In
281 2755 405 2826 murpine
422 2754 561 2823 superiore
574 2753 638 2818 folii
651 2750 686 2806 5⁰
700 2757 761 2807 nal
775 2753 899 2820 scripsit:
913 2751 1068 2822 fulgentius
1083 2751 1118 2806 de

102 2825 223 2893 fabulis,·
240 2828 287 2881 scd
304 2826 376 2884 urta
393 2826 457 2880 braic
475 2831 513 2879 eat
531 2841 592 2878 eum
610 2825 697 2878 verbis
715 2824 841 2878 Firmiei.
904 2823 942 2876 10
961 2824 987 2877 d.
997 2841 1028 2892 p.
1044 2840 1118 2879 com-

101 2901 178 2952 mota
193 2898 257 2953 add.
327 2896 364 2950 12
383 2895 485 2950 mulier
498 2897 532 2951 P.
597 2894 760 2950 14fi11012.
825 2893 862 2948 18
882 2894 907 2948 d.
923 2901 985 2950 autc
1003 2896 1033 2948 in
1052 2896 1117 2956 aaa,

103 2969 140 3024 19
155 2971 180 3024 d.
187 2987 218 3039 p.
228 2969 304 3024 facto
318 2968 383 3024 add.
429 2967 467 3021 20
481 2967 567 3038 regiis
581 2983 650 3020 corr.
660 2985 694 3021 m.
705 2972 730 3021 1.
745 2984 778 3021 er
792 2965 880 3035 regib3
927 2965 964 3020 22
978 2966 1069 3034 possit
1082 2968 1116 3034 P,

101 3044 197 3110 posset
206 3059 252 3111 pr.
307 3039 345 3095 28
359 3039 552 3110 particulatim
566 3040 627 3093 Pet
639 3055 711 3092 omn.
725 3038 785 3093 edd.
795 3044 906 3106 praeter
915 3039 973 3104 Ha,
987 3040 1037 3107 qui
1049 3038 1116 3092 arti-

102 3112 218 3167 culatim
231 3113 327 3168 scribit
339 3128 401 3167 cum
420 3111 604 3178 Wakefieldia
618 3111 684 3165 Silo.
698 3111 757 3164 erit.
773 3111 793 3163 1
796 3109 821 3162 V
828 3127 859 3178 p.
868 3113 933 3175 249,
947 3115 977 3163 at
990 3127 1014 3163 o.
1029 3110 1115 3175 infra.

190 3238 209 3293 8
229 3238 320 3293 Mart.
333 3240 399 3303 273,
412 3240 450 3292 22
472 3234 630 3290 matheseos
654 3237 761 3288 secreta
779 3233 944 3303 pandamus,
963 3235 998 3301 cf.
1013 3235 1045 3288 de
1062 3251 1114 3290 err.

100 3313 144 3377 51,
155 3314 198 3367 12.
271 3307 290 3362 4
312 3310 513 3373 Mutuesci
533 3306 695 3375 specialiter
712 3305 885 3372 intimantes,
899 3307 934 3373 cf.
951 3306 1001 3359 Mo
1016 3308 1059 3359 15.

100 3381 138 3435 lo
157 3379 342 3447 omnifariam,
357 3381 392 3446 cf.
409 3381 459 3434 Mo
473 3384 516 3433 11.
567 3377 605 3432 15
623 3376 733 3444 fortius,
747 3379 784 3445 cf.
799 3378 851 3432 Mo
866 3381 908 3432 16.
964 3374 1002 3430 24
1022 3376 1113 3432 Mau.

1 3481 2 3492 κ
99 3451 275 3507 X0'1112
298 3451 409 3506 conciso
433 3449 542 3504 infante
566 3448 759 3518 particulatim
782 3447 902 3519 prolato,
920 3449 955 3514 cf.
978 3446 1112 3503 XGVII'

1 3563 2 3572 a
98 3525 119 3578 I
128 3528 173 3578 42.
246 3522 284 3577 26
307 3522 391 3576 variis
414 3521 573 3593 generibus,
592 3521 739 3588 cfi23,17.
773 3521 863 3576 Malla.
879 3518 1052 3575 LVIH'II
1067 3525 1110 3576 30.

97 3600 162 3662 183,
176 3599 219 3649 13.
238 3599 303 3662 210,
317 3598 342 3649 3.
364 3597 414 3649 Mo
428 3597 471 3650 16.
