<?xml version="1.0" encoding="UTF-8"?>
<!DOCTYPE html PUBLIC "-//W3C//DTD XHTML 1.0 Transitional//EN"
    "http://www.w3.org/TR/xhtml1/DTD/xhtml1-transitional.dtd">
<html xmlns="http://www.w3.org/1999/xhtml" xml:lang="en" lang="en">
 <head>
  <title>
</title>
<meta http-equiv="Content-Type" content="text/html;charset=utf-8" />
  <meta name='ocr-system' content='tesseract 3.04.00' />
  <meta name='ocr-capabilities' content='ocr_page ocr_carea ocr_par ocr_line ocrx_word'/>
</head>
<body>
  <div class='ocr_page' id='page_1' title='image "./iulifirmicimate01zieggoog_0063.png"; bbox 0 0 2698 4068; ppageno 0'>
   <div class='ocr_carea' id='block_1_1' title="bbox 223 173 991 284">
    <p class='ocr_par' dir='ltr' id='par_1_1' title="bbox 223 173 991 284">
     <span class='ocr_line' id='line_1_1' title="bbox 223 173 991 284; baseline -0.001 -11"><span class='ocrx_word' id='word_1_1' title='bbox 223 220 242 284; x_wconf 90' lang='lat'>8</span> <span class='ocrx_word' id='word_1_2' title='bbox 568 217 705 274; x_wconf 68' lang='lat' dir='ltr'>antinoi</span> <span class='ocrx_word' id='word_1_3' title='bbox 723 217 892 272; x_wconf 70' lang='lat' dir='ltr'>Marsum</span> <span class='ocrx_word' id='word_1_4' title='bbox 979 173 991 231; x_wconf 37' lang='lat' dir='ltr'>&#39;a</span> 
     </span>
    </p>
   </div>
   <div class='ocr_carea' id='block_1_2' title="bbox 125 385 1279 2335">
    <p class='ocr_par' dir='ltr' id='par_1_2' title="bbox 125 385 1279 2335">
     <span class='ocr_line' id='line_1_2' title="bbox 222 385 1237 461; baseline -0.004 -13"><span class='ocrx_word' id='word_1_5' title='bbox 222 392 293 449; x_wconf 89' lang='lat' dir='ltr'>rant</span> <span class='ocrx_word' id='word_1_6' title='bbox 314 389 456 448; x_wconf 84' lang='lat' dir='ltr'>revixisse</span> <span class='ocrx_word' id='word_1_7' title='bbox 486 389 647 461; x_wconf 89' lang='lat' dir='ltr'>iactarunt,</span> <span class='ocrx_word' id='word_1_8' title='bbox 680 390 709 446; x_wconf 90' lang='lat' dir='ltr'>et</span> <span class='ocrx_word' id='word_1_9' title='bbox 741 407 808 447; x_wconf 87' lang='lat' dir='ltr'>cum</span> <span class='ocrx_word' id='word_1_10' title='bbox 831 385 966 446; x_wconf 86' lang='lat' dir='ltr'>mulieris</span> <span class='ocrx_word' id='word_1_11' title='bbox 990 386 1105 446; x_wconf 85' lang='lat' dir='ltr'>animus</span> <span class='ocrx_word' id='word_1_12' title='bbox 1130 405 1164 443; x_wconf 85' lang='lat' dir='ltr'>ex</span> <span class='ocrx_word' id='word_1_13' title='bbox 1194 385 1237 444; x_wconf 91' lang='lat' dir='ltr'>in-</span> 
     </span>
     <span class='ocr_line' id='line_1_3' title="bbox 127 470 1238 560; baseline -0.005 -22"><span class='ocrx_word' id='word_1_14' title='bbox 127 496 168 546; x_wconf 70' lang='lat'>101.</span> <span class='ocrx_word' id='word_1_15' title='bbox 177 493 204 531; x_wconf 64' lang='lat' dir='ltr'>ur</span> <span class='ocrx_word' id='word_1_16' title='bbox 222 478 371 555; x_wconf 86' lang='lat' dir='ltr'>patientia</span> <span class='ocrx_word' id='word_1_17' title='bbox 386 470 390 560; x_wconf 67' lang='lat' dir='ltr'>l</span> <span class='ocrx_word' id='word_1_18' title='bbox 406 479 493 536; x_wconf 89' lang='lat' dir='ltr'>nirnii</span> <span class='ocrx_word' id='word_1_19' title='bbox 512 477 621 536; x_wconf 89' lang='lat' dir='ltr'>amoris</span> <span class='ocrx_word' id='word_1_20' title='bbox 644 476 770 548; x_wconf 86' lang='lat' dir='ltr'>arderet,</span> <span class='ocrx_word' id='word_1_21' title='bbox 792 478 910 536; x_wconf 87' lang='lat' dir='ltr'>mortuo</span> <span class='ocrx_word' id='word_1_22' title='bbox 928 475 1113 535; x_wconf 72' lang='lat' dir='ltr'>adulescenti</span> <span class='ocrx_word' id='word_1_23' title='bbox 1125 475 1238 550; x_wconf 77' lang='lat' dir='ltr'>templa</span> 
     </span>
     <span class='ocr_line' id='line_1_4' title="bbox 223 565 1237 642; baseline -0.005 -15"><span class='ocrx_word' id='word_1_24' title='bbox 223 570 365 627; x_wconf 87' lang='lat' dir='ltr'>fecerunt.</span> <span class='ocrx_word' id='word_1_25' title='bbox 420 567 503 625; x_wconf 81' lang='lat' dir='ltr'>Tunc</span> <span class='ocrx_word' id='word_1_26' title='bbox 536 566 617 642; x_wconf 90' lang='lat' dir='ltr'>quod</span> <span class='ocrx_word' id='word_1_27' title='bbox 649 567 728 624; x_wconf 86' lang='lat' dir='ltr'>irata</span> <span class='ocrx_word' id='word_1_28' title='bbox 759 566 867 624; x_wconf 90' lang='lat' dir='ltr'>mulier</span> <span class='ocrx_word' id='word_1_29' title='bbox 898 584 952 640; x_wconf 91' lang='lat' dir='ltr'>pro</span> <span class='ocrx_word' id='word_1_30' title='bbox 985 565 1098 624; x_wconf 89' lang='lat' dir='ltr'>iniuria</span> <span class='ocrx_word' id='word_1_31' title='bbox 1119 567 1237 641; x_wconf 87' lang='lat' dir='ltr'>spretae</span> 
     </span>
     <span class='ocr_line' id='line_1_5' title="bbox 224 653 1237 730; baseline -0.005 -14"><span class='ocrx_word' id='word_1_32' title='bbox 224 659 335 716; x_wconf 90' lang='lat' dir='ltr'>fecerat</span> <span class='ocrx_word' id='word_1_33' title='bbox 357 657 479 729; x_wconf 84' lang='lat' dir='ltr'>formae,</span> <span class='ocrx_word' id='word_1_34' title='bbox 501 656 558 714; x_wconf 90' lang='lat' dir='ltr'>hoc</span> <span class='ocrx_word' id='word_1_35' title='bbox 582 655 734 714; x_wconf 86' lang='lat' dir='ltr'>ordinatos</span> <span class='ocrx_word' id='word_1_36' title='bbox 758 673 776 713; x_wconf 98' lang='lat' dir='ltr'>a</span> <span class='ocrx_word' id='word_1_37' title='bbox 799 673 830 714; x_wconf 89' lang='lat' dir='ltr'>se</span> <span class='ocrx_word' id='word_1_38' title='bbox 848 655 915 730; x_wconf 89' lang='lat' dir='ltr'>pati</span> <span class='ocrx_word' id='word_1_39' title='bbox 933 654 1038 713; x_wconf 86' lang='lat' dir='ltr'>volunt</span> <span class='ocrx_word' id='word_1_40' title='bbox 1061 653 1237 713; x_wconf 86' lang='lat' dir='ltr'>sacerdotes.</span> 
     </span>
     <span class='ocr_line' id='line_1_6' title="bbox 225 743 1279 818; baseline -0.005 -13"><span class='ocrx_word' id='word_1_41' title='bbox 225 745 274 805; x_wconf 82' lang='lat' dir='ltr'>Sic</span> <span class='ocrx_word' id='word_1_42' title='bbox 298 747 403 804; x_wconf 89' lang='lat' dir='ltr'>annuis</span> <span class='ocrx_word' id='word_1_43' title='bbox 427 746 518 804; x_wconf 88' lang='lat' dir='ltr'>sacris</span> <span class='ocrx_word' id='word_1_44' title='bbox 542 763 608 804; x_wconf 92' lang='lat' dir='ltr'>cum</span> <span class='ocrx_word' id='word_1_45' title='bbox 632 744 742 802; x_wconf 89' lang='lat' dir='ltr'>honore</span> <span class='ocrx_word' id='word_1_46' title='bbox 764 747 861 802; x_wconf 88' lang='lat' dir='ltr'>terrae</span> <span class='ocrx_word' id='word_1_47' title='bbox 884 743 973 809; x_wconf 88' lang='lat' dir='ltr'>istius</span> <span class='ocrx_word' id='word_1_48' title='bbox 996 743 1108 802; x_wconf 86' lang='lat' dir='ltr'>funeris</span> <span class='ocrx_word' id='word_1_49' title='bbox 1127 761 1237 818; x_wconf 88' lang='lat' dir='ltr'>pompa</span> <span class='ocrx_word' id='word_1_50' title='bbox 1267 761 1279 800; x_wconf 81' lang='lat' dir='ltr'>s</span> 
     </span>
     <span class='ocr_line' id='line_1_7' title="bbox 225 831 1239 910; baseline -0.005 -16"><span class='ocrx_word' id='word_1_51' title='bbox 225 836 413 910; x_wconf 82' lang='lat' dir='ltr'>conponitur,</span> <span class='ocrx_word' id='word_1_52' title='bbox 437 837 471 893; x_wconf 87' lang='lat' dir='ltr'>ut</span> <span class='ocrx_word' id='word_1_53' title='bbox 494 851 562 894; x_wconf 87' lang='lat' dir='ltr'>cum</span> <span class='ocrx_word' id='word_1_54' title='bbox 585 833 814 909; x_wconf 86' lang='lat' dir='ltr'>persuaderetur</span> <span class='ocrx_word' id='word_1_55' title='bbox 841 832 1010 891; x_wconf 89' lang='lat' dir='ltr'>hominibus</span> <span class='ocrx_word' id='word_1_56' title='bbox 1035 831 1115 908; x_wconf 90' lang='lat' dir='ltr'>quod</span> <span class='ocrx_word' id='word_1_57' title='bbox 1138 832 1239 890; x_wconf 77' lang='lat' dir='ltr'>colant</span> 
     </span>
     <span class='ocr_line' id='line_1_8' title="bbox 125 920 1238 999; baseline -0.007 -13"><span class='ocrx_word' id='word_1_58' title='bbox 125 947 174 997; x_wconf 75' lang='lat' dir='ltr'>(re)</span> <span class='ocrx_word' id='word_1_59' title='bbox 190 941 205 988; x_wconf 83' lang='lat'><strong>2</strong></span> <span class='ocrx_word' id='word_1_60' title='bbox 224 927 345 999; x_wconf 84' lang='lat' dir='ltr'>terram,</span> <span class='ocrx_word' id='word_1_61' title='bbox 376 923 479 982; x_wconf 88' lang='lat' dir='ltr'>miseri</span> <span class='ocrx_word' id='word_1_62' title='bbox 505 921 619 980; x_wconf 88' lang='lat' dir='ltr'>funeris</span> <span class='ocrx_word' id='word_1_63' title='bbox 647 925 826 981; x_wconf 79' lang='lat' dir='ltr'>venerentur</span> <span class='ocrx_word' id='word_1_64' title='bbox 853 923 984 980; x_wconf 66' lang='lat' dir='ltr'>exitum.</span> <span class='ocrx_word' id='word_1_65' title='bbox 1030 920 1088 980; x_wconf 87' lang='lat' dir='ltr'>Hic</span> <span class='ocrx_word' id='word_1_66' title='bbox 1121 939 1238 996; x_wconf 89' lang='lat' dir='ltr'>quoque</span> 
     </span>
     <span class='ocr_line' id='line_1_9' title="bbox 224 1011 1238 1087; baseline -0.004 -14"><span class='ocrx_word' id='word_1_67' title='bbox 224 1011 421 1074; x_wconf 70' lang='lat' dir='ltr'>sacratissimi</span> <span class='ocrx_word' id='word_1_68' title='bbox 443 1014 636 1087; x_wconf 82' lang='lat' dir='ltr'>imperatores</span> <span class='ocrx_word' id='word_1_69' title='bbox 660 1013 695 1070; x_wconf 91' lang='lat' dir='ltr'>ut</span> <span class='ocrx_word' id='word_1_70' title='bbox 718 1029 800 1070; x_wconf 87' lang='lat' dir='ltr'>error</span> <span class='ocrx_word' id='word_1_71' title='bbox 821 1011 878 1070; x_wconf 84' lang='lat' dir='ltr'>iste</span> <span class='ocrx_word' id='word_1_72' title='bbox 901 1011 1023 1084; x_wconf 84' lang='lat' dir='ltr'>celetur,</span> <span class='ocrx_word' id='word_1_73' title='bbox 1049 1011 1142 1069; x_wconf 86' lang='lat' dir='ltr'>etiam</span> <span class='ocrx_word' id='word_1_74' title='bbox 1165 1011 1238 1069; x_wconf 86' lang='lat' dir='ltr'>baec</span> 
     </span>
     <span class='ocr_line' id='line_1_10' title="bbox 224 1099 1238 1178; baseline -0.006 -16"><span class='ocrx_word' id='word_1_75' title='bbox 224 1121 309 1162; x_wconf 89' lang='lat' dir='ltr'>sacra</span> <span class='ocrx_word' id='word_1_76' title='bbox 332 1102 458 1178; x_wconf 76' lang='lat' dir='ltr'>physion</span> <span class='ocrx_word' id='word_1_77' title='bbox 481 1100 587 1160; x_wconf 87' lang='lat' dir='ltr'>volunt</span> <span class='ocrx_word' id='word_1_78' title='bbox 610 1117 672 1158; x_wconf 86' lang='lat' dir='ltr'>esse</span> <span class='ocrx_word' id='word_1_79' title='bbox 694 1100 811 1159; x_wconf 87' lang='lat' dir='ltr'>ratione</span> <span class='ocrx_word' id='word_1_80' title='bbox 839 1099 1001 1176; x_wconf 85' lang='lat' dir='ltr'>conposita.</span> <span class='ocrx_word' id='word_1_81' title='bbox 1048 1101 1157 1158; x_wconf 83' lang='lat' dir='ltr'>Amare</span> <span class='ocrx_word' id='word_1_82' title='bbox 1180 1103 1238 1158; x_wconf 89' lang='lat' dir='ltr'>ter·</span> 
     </span>
     <span class='ocr_line' id='line_1_11' title="bbox 223 1189 1278 1267; baseline -0.005 -16"><span class='ocrx_word' id='word_1_83' title='bbox 223 1211 288 1252; x_wconf 88' lang='lat' dir='ltr'>ram</span> <span class='ocrx_word' id='word_1_84' title='bbox 320 1192 426 1251; x_wconf 87' lang='lat' dir='ltr'>volunt</span> <span class='ocrx_word' id='word_1_85' title='bbox 456 1191 566 1267; x_wconf 86' lang='lat' dir='ltr'>fruges,</span> <span class='ocrx_word' id='word_1_86' title='bbox 599 1189 686 1248; x_wconf 86' lang='lat' dir='ltr'>Attin</span> <span class='ocrx_word' id='word_1_87' title='bbox 717 1208 787 1248; x_wconf 87' lang='lat' dir='ltr'>vero</span> <span class='ocrx_word' id='word_1_88' title='bbox 818 1190 875 1249; x_wconf 93' lang='lat' dir='ltr'>hoc</span> <span class='ocrx_word' id='word_1_89' title='bbox 907 1191 1003 1265; x_wconf 89' lang='lat' dir='ltr'>ipsum</span> <span class='ocrx_word' id='word_1_90' title='bbox 1033 1189 1139 1248; x_wconf 85' lang='lat' dir='ltr'>volunt</span> <span class='ocrx_word' id='word_1_91' title='bbox 1166 1206 1278 1262; x_wconf 89' lang='lat' dir='ltr'>esse,1o</span> 
     </span>
     <span class='ocr_line' id='line_1_12' title="bbox 225 1278 1238 1358; baseline -0.006 -18"><span class='ocrx_word' id='word_1_92' title='bbox 225 1281 305 1356; x_wconf 91' lang='lat' dir='ltr'>quod</span> <span class='ocrx_word' id='word_1_93' title='bbox 329 1300 363 1338; x_wconf 87' lang='lat' dir='ltr'>ex</span> <span class='ocrx_word' id='word_1_94' title='bbox 385 1279 521 1358; x_wconf 86' lang='lat' dir='ltr'>frugibus</span> <span class='ocrx_word' id='word_1_95' title='bbox 544 1279 686 1352; x_wconf 80' lang='lat' dir='ltr'>noscitur,</span> <span class='ocrx_word' id='word_1_96' title='bbox 709 1297 835 1354; x_wconf 89' lang='lat' dir='ltr'>poenam</span> <span class='ocrx_word' id='word_1_97' title='bbox 857 1281 957 1337; x_wconf 85' lang='lat' dir='ltr'>autem</span> <span class='ocrx_word' id='word_1_98' title='bbox 982 1297 1072 1354; x_wconf 88' lang='lat' dir='ltr'>quam</span> <span class='ocrx_word' id='word_1_99' title='bbox 1095 1278 1238 1338; x_wconf 88' lang='lat' dir='ltr'>sustinuit</span> 
     </span>
     <span class='ocr_line' id='line_1_13' title="bbox 222 1367 1237 1445; baseline -0.004 -16"><span class='ocrx_word' id='word_1_100' title='bbox 222 1370 280 1429; x_wconf 90' lang='lat' dir='ltr'>hoo</span> <span class='ocrx_word' id='word_1_101' title='bbox 299 1369 406 1430; x_wconf 89' lang='lat' dir='ltr'>volunt</span> <span class='ocrx_word' id='word_1_102' title='bbox 429 1387 501 1444; x_wconf 88' lang='lat' dir='ltr'>esse,</span> <span class='ocrx_word' id='word_1_103' title='bbox 525 1367 604 1443; x_wconf 90' lang='lat' dir='ltr'>quod</span> <span class='ocrx_word' id='word_1_104' title='bbox 624 1367 704 1427; x_wconf 86' lang='lat' dir='ltr'>falce</span> <span class='ocrx_word' id='word_1_105' title='bbox 722 1385 834 1428; x_wconf 87' lang='lat' dir='ltr'>messor</span> <span class='ocrx_word' id='word_1_106' title='bbox 857 1370 982 1427; x_wconf 88' lang='lat' dir='ltr'>maturis</span> <span class='ocrx_word' id='word_1_107' title='bbox 1001 1367 1136 1445; x_wconf 86' lang='lat' dir='ltr'>frugibus</span> <span class='ocrx_word' id='word_1_108' title='bbox 1155 1367 1237 1425; x_wconf 86' lang='lat' dir='ltr'>facit.</span> 
     </span>
     <span class='ocr_line' id='line_1_14' title="bbox 223 1456 1266 1535; baseline -0.004 -17"><span class='ocrx_word' id='word_1_109' title='bbox 223 1458 351 1518; x_wconf 88' lang='lat' dir='ltr'>Mortem</span> <span class='ocrx_word' id='word_1_110' title='bbox 379 1461 473 1535; x_wconf 91' lang='lat' dir='ltr'>ipsius</span> <span class='ocrx_word' id='word_1_111' title='bbox 506 1457 618 1530; x_wconf 81' lang='lat' dir='ltr'>dicunt,</span> <span class='ocrx_word' id='word_1_112' title='bbox 652 1457 731 1532; x_wconf 89' lang='lat' dir='ltr'>quod</span> <span class='ocrx_word' id='word_1_113' title='bbox 763 1459 877 1517; x_wconf 88' lang='lat' dir='ltr'>semina</span> <span class='ocrx_word' id='word_1_114' title='bbox 908 1457 1033 1516; x_wconf 87' lang='lat' dir='ltr'>collecta</span> <span class='ocrx_word' id='word_1_115' title='bbox 1063 1456 1238 1529; x_wconf 86' lang='lat' dir='ltr'>conduntur,</span> <span class='ocrx_word' id='word_1_116' title='bbox 1262 1459 1266 1466; x_wconf 82' lang='grc'><strong>’</strong></span> 
     </span>
     <span class='ocr_line' id='line_1_15' title="bbox 222 1545 1237 1623; baseline -0.002 -17"><span class='ocrx_word' id='word_1_117' title='bbox 222 1549 318 1606; x_wconf 80' lang='lat' dir='ltr'>vitam</span> <span class='ocrx_word' id='word_1_118' title='bbox 347 1567 449 1608; x_wconf 82' lang='lat' dir='ltr'>rursus</span> <span class='ocrx_word' id='word_1_119' title='bbox 484 1546 563 1623; x_wconf 90' lang='lat' dir='ltr'>quod</span> <span class='ocrx_word' id='word_1_120' title='bbox 597 1547 677 1606; x_wconf 87' lang='lat' dir='ltr'>iacta</span> <span class='ocrx_word' id='word_1_121' title='bbox 712 1545 825 1605; x_wconf 88' lang='lat' dir='ltr'>semina</span> <span class='ocrx_word' id='word_1_122' title='bbox 851 1548 963 1604; x_wconf 72' lang='lat' dir='ltr'>vannuis</span> <span class='ocrx_word' id='word_1_123' title='bbox 995 1545 1109 1605; x_wconf 87' lang='lat' dir='ltr'>vicibus</span> <span class='ocrx_word' id='word_1_124' title='bbox 1137 1563 1237 1620; x_wconf 83' lang='lat' dir='ltr'>recon-</span> 
     </span>
     <span class='ocr_line' id='line_1_16' title="bbox 188 1634 1278 1710; baseline -0.006 -12"><span class='ocrx_word' id='word_1_125' title='bbox 188 1635 342 1698; x_wconf 74' lang='lat' dir='ltr'>oduntur.</span> <span class='ocrx_word' id='word_1_126' title='bbox 388 1637 504 1696; x_wconf 87' lang='lat' dir='ltr'>Vellem</span> <span class='ocrx_word' id='word_1_127' title='bbox 535 1653 615 1695; x_wconf 89' lang='lat' dir='ltr'>nunc</span> <span class='ocrx_word' id='word_1_128' title='bbox 647 1634 721 1693; x_wconf 90' lang='lat' dir='ltr'>mihi</span> <span class='ocrx_word' id='word_1_129' title='bbox 752 1634 916 1710; x_wconf 83' lang='lat' dir='ltr'>inquirenti</span> <span class='ocrx_word' id='word_1_130' title='bbox 943 1634 1154 1709; x_wconf 78' lang='lat' dir='ltr'>respondeant,</span> <span class='ocrx_word' id='word_1_131' title='bbox 1187 1652 1238 1692; x_wconf 94' lang='lat' dir='ltr'>cur</span> <span class='ocrx_word' id='word_1_132' title='bbox 1252 1652 1278 1692; x_wconf 78' lang='lat'>15</span> 
     </span>
     <span class='ocr_line' id='line_1_17' title="bbox 222 1725 1237 1802; baseline -0.004 -17"><span class='ocrx_word' id='word_1_133' title='bbox 222 1726 300 1784; x_wconf 91' lang='lat' dir='ltr'>hanc</span> <span class='ocrx_word' id='word_1_134' title='bbox 318 1725 542 1802; x_wconf 83' lang='lat' dir='ltr'>simplicitatem</span> <span class='ocrx_word' id='word_1_135' title='bbox 566 1725 712 1784; x_wconf 89' lang='lat' dir='ltr'>seminum</span> <span class='ocrx_word' id='word_1_136' title='bbox 731 1743 765 1782; x_wconf 86' lang='lat' dir='ltr'>oc</span> <span class='ocrx_word' id='word_1_137' title='bbox 784 1725 924 1800; x_wconf 86' lang='lat' dir='ltr'>frugum·</span> <span class='ocrx_word' id='word_1_138' title='bbox 941 1741 1008 1782; x_wconf 87' lang='lat' dir='ltr'>curn</span> <span class='ocrx_word' id='word_1_139' title='bbox 1031 1725 1133 1782; x_wconf 89' lang='lat' dir='ltr'>funere</span> <span class='ocrx_word' id='word_1_140' title='bbox 1149 1739 1155 1750; x_wconf 88' lang='lat'><strong>·</strong></span> <span class='ocrx_word' id='word_1_141' title='bbox 1170 1742 1237 1782; x_wconf 90' lang='lat' dir='ltr'>curn</span> 
     </span>
     <span class='ocr_line' id='line_1_18' title="bbox 127 1810 1237 1889; baseline -0.005 -15"><span class='ocrx_word' id='word_1_142' title='bbox 127 1827 132 1838; x_wconf 89' lang='lat'>&#39;</span> <span class='ocrx_word' id='word_1_143' title='bbox 223 1817 318 1874; x_wconf 80' lang='lat' dir='ltr'>morte</span> <span class='ocrx_word' id='word_1_144' title='bbox 333 1829 339 1841; x_wconf 92' lang='lat'><strong>·</strong></span> <span class='ocrx_word' id='word_1_145' title='bbox 356 1832 423 1872; x_wconf 90' lang='lat' dir='ltr'>cum</span> <span class='ocrx_word' id='word_1_146' title='bbox 457 1814 539 1872; x_wconf 87' lang='lat' dir='ltr'>fastu</span> <span class='ocrx_word' id='word_1_147' title='bbox 554 1826 560 1839; x_wconf 90' lang='lat'><strong>·</strong></span> <span class='ocrx_word' id='word_1_148' title='bbox 575 1833 642 1872; x_wconf 90' lang='lat' dir='ltr'>cunr</span> <span class='ocrx_word' id='word_1_149' title='bbox 664 1831 763 1889; x_wconf 88' lang='lat' dir='ltr'>poena</span> <span class='ocrx_word' id='word_1_150' title='bbox 777 1827 782 1839; x_wconf 86' lang='lat'><strong>·</strong></span> <span class='ocrx_word' id='word_1_151' title='bbox 798 1831 866 1872; x_wconf 90' lang='lat' dir='ltr'>cum</span> <span class='ocrx_word' id='word_1_152' title='bbox 903 1831 1002 1872; x_wconf 91' lang='lat' dir='ltr'>amore</span> <span class='ocrx_word' id='word_1_153' title='bbox 1039 1810 1237 1872; x_wconf 84' lang='lat' dir='ltr'>iuncxerunt?</span> 
     </span>
     <span class='ocr_line' id='line_1_19' title="bbox 224 1900 1238 1978; baseline -0.002 -16"><span class='ocrx_word' id='word_1_154' title='bbox 224 1904 310 1962; x_wconf 86' lang='lat' dir='ltr'>Itane</span> <span class='ocrx_word' id='word_1_155' title='bbox 342 1922 402 1962; x_wconf 91' lang='lat' dir='ltr'>non</span> <span class='ocrx_word' id='word_1_156' title='bbox 435 1904 500 1961; x_wconf 90' lang='lat' dir='ltr'>erat</span> <span class='ocrx_word' id='word_1_157' title='bbox 532 1901 615 1960; x_wconf 87' lang='lat' dir='ltr'>aliud</span> <span class='ocrx_word' id='word_1_158' title='bbox 647 1903 728 1978; x_wconf 93' lang='lat' dir='ltr'>quod</span> <span class='ocrx_word' id='word_1_159' title='bbox 760 1900 927 1962; x_wconf 76' lang='lat' dir='ltr'>diceretur?</span> <span class='ocrx_word' id='word_1_160' title='bbox 973 1901 1058 1968; x_wconf 85' lang='lat' dir='ltr'>Itane</span> <span class='ocrx_word' id='word_1_161' title='bbox 1090 1921 1150 1960; x_wconf 89' lang='lat' dir='ltr'>non</span> <span class='ocrx_word' id='word_1_162' title='bbox 1174 1905 1238 1960; x_wconf 89' lang='lat' dir='ltr'>erat</span> 
     </span>
     <span class='ocr_line' id='line_1_20' title="bbox 223 1989 1239 2070; baseline -0.003 -20"><span class='ocrx_word' id='word_1_163' title='bbox 223 1992 303 2069; x_wconf 93' lang='lat' dir='ltr'>quod</span> <span class='ocrx_word' id='word_1_164' title='bbox 330 1994 363 2051; x_wconf 89' lang='lat' dir='ltr'>in</span> <span class='ocrx_word' id='word_1_165' title='bbox 390 1991 513 2070; x_wconf 90' lang='lat' dir='ltr'>agendis</span> <span class='ocrx_word' id='word_1_166' title='bbox 536 1989 590 2050; x_wconf 90' lang='lat' dir='ltr'>deo</span> <span class='ocrx_word' id='word_1_167' title='bbox 619 2009 733 2050; x_wconf 89' lang='lat' dir='ltr'>summo</span> <span class='ocrx_word' id='word_1_168' title='bbox 760 2010 815 2067; x_wconf 90' lang='lat' dir='ltr'>pro</span> <span class='ocrx_word' id='word_1_169' title='bbox 838 1990 973 2068; x_wconf 84' lang='lat' dir='ltr'>frugibus</span> <span class='ocrx_word' id='word_1_170' title='bbox 997 1992 1104 2067; x_wconf 88' lang='lat' dir='ltr'>gratiis</span> <span class='ocrx_word' id='word_1_171' title='bbox 1127 1991 1239 2050; x_wconf 89' lang='lat' dir='ltr'>faceret</span> 
     </span>
     <span class='ocr_line' id='line_1_21' title="bbox 224 2077 1279 2157; baseline -0.004 -17"><span class='ocrx_word' id='word_1_172' title='bbox 224 2082 332 2140; x_wconf 87' lang='lat' dir='ltr'>misera</span> <span class='ocrx_word' id='word_1_173' title='bbox 350 2077 540 2140; x_wconf 78' lang='lat' dir='ltr'>mortalitas?</span> <span class='ocrx_word' id='word_1_174' title='bbox 573 2079 615 2138; x_wconf 87' lang='lat' dir='ltr'>Ut</span> <span class='ocrx_word' id='word_1_175' title='bbox 642 2081 755 2156; x_wconf 87' lang='lat' dir='ltr'>gratias</span> <span class='ocrx_word' id='word_1_176' title='bbox 783 2098 837 2156; x_wconf 91' lang='lat' dir='ltr'>pro</span> <span class='ocrx_word' id='word_1_177' title='bbox 860 2081 972 2138; x_wconf 89' lang='lat' dir='ltr'>renatis</span> <span class='ocrx_word' id='word_1_178' title='bbox 1000 2079 1136 2157; x_wconf 88' lang='lat' dir='ltr'>frugibus</span> <span class='ocrx_word' id='word_1_179' title='bbox 1165 2098 1236 2156; x_wconf 86' lang='lat' dir='ltr'>agas</span> <span class='ocrx_word' id='word_1_180' title='bbox 1251 2097 1279 2136; x_wconf 84' lang='lat' dir='ltr'>ao</span> 
     </span>
     <span class='ocr_line' id='line_1_22' title="bbox 223 2168 1238 2248; baseline -0.002 -20"><span class='ocrx_word' id='word_1_181' title='bbox 223 2170 332 2240; x_wconf 89' lang='lat' dir='ltr'>ululas,</span> <span class='ocrx_word' id='word_1_182' title='bbox 359 2174 395 2229; x_wconf 87' lang='lat' dir='ltr'>ut</span> <span class='ocrx_word' id='word_1_183' title='bbox 418 2169 548 2248; x_wconf 86' lang='lat' dir='ltr'>gaudeas</span> <span class='ocrx_word' id='word_1_184' title='bbox 570 2168 703 2245; x_wconf 86' lang='lat' dir='ltr'>plangis,</span> <span class='ocrx_word' id='word_1_185' title='bbox 731 2174 786 2228; x_wconf 89' lang='lat' dir='ltr'>nec</span> <span class='ocrx_word' id='word_1_186' title='bbox 812 2171 842 2228; x_wconf 89' lang='lat' dir='ltr'>te</span> <span class='ocrx_word' id='word_1_187' title='bbox 871 2187 937 2228; x_wconf 88' lang='lat' dir='ltr'>curn</span> <span class='ocrx_word' id='word_1_188' title='bbox 965 2187 1068 2228; x_wconf 84' lang='lat' dir='ltr'>veram</span> <span class='ocrx_word' id='word_1_189' title='bbox 1090 2170 1238 2228; x_wconf 89' lang='lat' dir='ltr'>rationem</span> 
     </span>
     <span class='ocr_line' id='line_1_23' title="bbox 223 2257 1239 2335; baseline -0.004 -17"><span class='ocrx_word' id='word_1_190' title='bbox 223 2259 344 2334; x_wconf 81' lang='lat' dir='ltr'>videris,</span> <span class='ocrx_word' id='word_1_191' title='bbox 370 2260 426 2318; x_wconf 90' lang='lat' dir='ltr'>hoc</span> <span class='ocrx_word' id='word_1_192' title='bbox 449 2258 612 2334; x_wconf 90' lang='lat' dir='ltr'>aliquando</span> <span class='ocrx_word' id='word_1_193' title='bbox 635 2258 740 2318; x_wconf 86' lang='lat' dir='ltr'>fecisse</span> <span class='ocrx_word' id='word_1_194' title='bbox 763 2257 925 2334; x_wconf 78' lang='lat' dir='ltr'>paenituit,</span> <span class='ocrx_word' id='word_1_195' title='bbox 954 2257 1005 2316; x_wconf 91' lang='lat' dir='ltr'>sed</span> <span class='ocrx_word' id='word_1_196' title='bbox 1033 2257 1088 2316; x_wconf 91' lang='lat' dir='ltr'>hoc</span> <span class='ocrx_word' id='word_1_197' title='bbox 1117 2259 1181 2335; x_wconf 88' lang='lat' dir='ltr'>agis</span> <span class='ocrx_word' id='word_1_198' title='bbox 1205 2260 1239 2315; x_wconf 93' lang='lat' dir='ltr'>ut</span> 
     </span>
    </p>
   </div>
   <div class='ocr_carea' id='block_1_3' title="bbox 313 2390 1237 2464">
    <p class='ocr_par' dir='ltr' id='par_1_3' title="bbox 313 2390 1237 2464">
     <span class='ocr_line' id='line_1_24' title="bbox 313 2390 1237 2464; baseline -0.002 -17"><span class='ocrx_word' id='word_1_199' title='bbox 313 2393 331 2447; x_wconf 77' lang='grc'><strong>8</strong></span> <span class='ocrx_word' id='word_1_200' title='bbox 356 2394 431 2464; x_wconf 78' lang='lat' dir='ltr'>Vcrp.</span> <span class='ocrx_word' id='word_1_201' title='bbox 446 2394 515 2448; x_wconf 80' lang='lat' dir='ltr'>Aeo.</span> <span class='ocrx_word' id='word_1_202' title='bbox 531 2393 552 2445; x_wconf 91' lang='lat' dir='ltr'><em>I</em></span> <span class='ocrx_word' id='word_1_203' title='bbox 561 2396 600 2448; x_wconf 82' lang='lat'>27</span> <span class='ocrx_word' id='word_1_204' title='bbox 618 2431 646 2446; x_wconf 89' lang='lat'>..</span> <span class='ocrx_word' id='word_1_205' title='bbox 667 2394 833 2460; x_wconf 87' lang='lat' dir='ltr'>spretaeque</span> <span class='ocrx_word' id='word_1_206' title='bbox 852 2391 957 2444; x_wconf 88' lang='lat' dir='ltr'>iniuria</span> <span class='ocrx_word' id='word_1_207' title='bbox 974 2390 1081 2445; x_wconf 88' lang='lat' dir='ltr'>formas</span> <span class='ocrx_word' id='word_1_208' title='bbox 1101 2392 1166 2458; x_wconf 86' lang='lat' dir='ltr'>(Mo</span> <span class='ocrx_word' id='word_1_209' title='bbox 1180 2394 1237 2457; x_wconf 83' lang='lat'><em>50).</em></span> 
     </span>
    </p>
   </div>
   <div class='ocr_carea' id='block_1_4' title="bbox 218 2495 1270 3426">
    <p class='ocr_par' dir='ltr' id='par_1_4' title="bbox 219 2495 1270 3283">
     <span class='ocr_line' id='line_1_25' title="bbox 314 2495 1239 2569; baseline -0.001 -16"><span class='ocrx_word' id='word_1_210' title='bbox 314 2500 329 2553; x_wconf 98' lang='grc'>1</span> <span class='ocrx_word' id='word_1_211' title='bbox 349 2499 520 2569; x_wconf 88' lang='lat' dir='ltr'>inpatientia</span> <span class='ocrx_word' id='word_1_212' title='bbox 538 2501 572 2565; x_wconf 88' lang='lat' dir='ltr'>P,</span> <span class='ocrx_word' id='word_1_213' title='bbox 597 2498 695 2567; x_wconf 81' lang='lat' dir='ltr'>impet.</span> <span class='ocrx_word' id='word_1_214' title='bbox 706 2516 752 2567; x_wconf 81' lang='lat' dir='ltr'>pr.</span> <span class='ocrx_word' id='word_1_215' title='bbox 857 2495 875 2551; x_wconf 78' lang='lat'>4</span> <span class='ocrx_word' id='word_1_216' title='bbox 893 2497 995 2552; x_wconf 90' lang='lat' dir='ltr'>uolunt</span> <span class='ocrx_word' id='word_1_217' title='bbox 1013 2499 1047 2565; x_wconf 88' lang='lat' dir='ltr'>P,</span> <span class='ocrx_word' id='word_1_218' title='bbox 1065 2516 1089 2553; x_wconf 87' lang='lat' dir='ltr'>c.</span> <span class='ocrx_word' id='word_1_219' title='bbox 1104 2499 1172 2554; x_wconf 81' lang='grc' dir='ltr'>ΒΜ</span> <span class='ocrx_word' id='word_1_220' title='bbox 1183 2502 1239 2554; x_wconf 78' lang='lat'>276</span> 
     </span>
     <span class='ocr_line' id='line_1_26' title="bbox 223 2570 1238 2640; baseline -0.004 -14"><span class='ocrx_word' id='word_1_221' title='bbox 223 2571 334 2626; x_wconf 85' lang='lat' dir='ltr'>voluere</span> <span class='ocrx_word' id='word_1_222' title='bbox 344 2588 390 2640; x_wconf 83' lang='lat' dir='ltr'>pr.</span> <span class='ocrx_word' id='word_1_223' title='bbox 462 2571 481 2624; x_wconf 82' lang='grc'><strong>6</strong></span> <span class='ocrx_word' id='word_1_224' title='bbox 500 2570 540 2624; x_wconf 86' lang='lat' dir='ltr'>Ut</span> <span class='ocrx_word' id='word_1_225' title='bbox 554 2613 560 2624; x_wconf 86' lang='lat'><strong>.</strong></span> <span class='ocrx_word' id='word_1_226' title='bbox 576 2612 582 2624; x_wconf 91' lang='lat'><strong><em>.</em></strong></span> <span class='ocrx_word' id='word_1_227' title='bbox 599 2613 604 2623; x_wconf 95' lang='lat'>.</span> <span class='ocrx_word' id='word_1_228' title='bbox 619 2572 788 2624; x_wconf 87' lang='lat' dir='ltr'>uenerantur</span> <span class='ocrx_word' id='word_1_229' title='bbox 803 2572 837 2637; x_wconf 85' lang='lat' dir='ltr'>P,</span> <span class='ocrx_word' id='word_1_230' title='bbox 850 2587 874 2625; x_wconf 90' lang='lat' dir='ltr'>c.</span> <span class='ocrx_word' id='word_1_231' title='bbox 890 2571 1034 2635; x_wconf 76' lang='grc'>1111277,</span> <span class='ocrx_word' id='word_1_232' title='bbox 1048 2572 1077 2624; x_wconf 90' lang='lat' dir='ltr'>et</span> <span class='ocrx_word' id='word_1_233' title='bbox 1092 2612 1097 2624; x_wconf 94' lang='lat'><em>.</em></span> <span class='ocrx_word' id='word_1_234' title='bbox 1115 2612 1120 2623; x_wconf 92' lang='lat'>.</span> <span class='ocrx_word' id='word_1_235' title='bbox 1137 2613 1142 2624; x_wconf 95' lang='lat'><em>.</em></span> <span class='ocrx_word' id='word_1_236' title='bbox 1157 2585 1238 2623; x_wconf 89' lang='lat' dir='ltr'>vene-</span> 
     </span>
     <span class='ocr_line' id='line_1_27' title="bbox 222 2641 1238 2712; baseline -0.004 -14"><span class='ocrx_word' id='word_1_237' title='bbox 222 2645 320 2698; x_wconf 85' lang='lat' dir='ltr'>rantur</span> <span class='ocrx_word' id='word_1_238' title='bbox 330 2660 375 2710; x_wconf 77' lang='lat' dir='ltr'>pr.</span> <span class='ocrx_word' id='word_1_239' title='bbox 447 2643 633 2712; x_wconf 87' lang='lat' dir='ltr'>persuadetur</span> <span class='ocrx_word' id='word_1_240' title='bbox 648 2643 707 2708; x_wconf 77' lang='lat' dir='ltr'>Wo,</span> <span class='ocrx_word' id='word_1_241' title='bbox 724 2644 819 2694; x_wconf 71' lang='lat' dir='ltr'>»eatur</span> <span class='ocrx_word' id='word_1_242' title='bbox 837 2643 894 2700; x_wconf 84' lang='lat' dir='ltr'>Bu.</span> <span class='ocrx_word' id='word_1_243' title='bbox 913 2649 942 2696; x_wconf 87' lang='lat' dir='ltr'>ol</span> <span class='ocrx_word' id='word_1_244' title='bbox 960 2659 984 2697; x_wconf 88' lang='lat' dir='ltr'>o.</span> <span class='ocrx_word' id='word_1_245' title='bbox 999 2643 1146 2696; x_wconf 79' lang='lat' dir='ltr'>Halmium</span> <span class='ocrx_word' id='word_1_246' title='bbox 1164 2641 1202 2696; x_wconf 84' lang='lat' dir='ltr'>od</span> <span class='ocrx_word' id='word_1_247' title='bbox 1221 2642 1238 2694; x_wconf 87' lang='lat' dir='ltr'>l.</span> 
     </span>
     <span class='ocr_line' id='line_1_28' title="bbox 225 2711 1237 2783; baseline -0.003 -15"><span class='ocrx_word' id='word_1_248' title='bbox 225 2715 239 2768; x_wconf 76' lang='lat'><strong>7</strong></span> <span class='ocrx_word' id='word_1_249' title='bbox 260 2716 447 2783; x_wconf 65' lang='lat' dir='ltr'>deterream</span> <span class='ocrx_word' id='word_1_250' title='bbox 466 2714 530 2768; x_wconf 87' lang='lat' dir='ltr'>odd.</span> <span class='ocrx_word' id='word_1_251' title='bbox 603 2711 712 2766; x_wconf 87' lang='lat' dir='ltr'>iuvenis</span> <span class='ocrx_word' id='word_1_252' title='bbox 726 2729 781 2782; x_wconf 78' lang='lat' dir='ltr'>pro</span> <span class='ocrx_word' id='word_1_253' title='bbox 800 2712 906 2766; x_wconf 91' lang='lat' dir='ltr'>funeris</span> <span class='ocrx_word' id='word_1_254' title='bbox 925 2714 957 2768; x_wconf 82' lang='lat' dir='ltr'>ci.</span> <span class='ocrx_word' id='word_1_255' title='bbox 973 2713 1113 2768; x_wconf 77' lang='lat' dir='ltr'>Dictere&#39;cb</span> <span class='ocrx_word' id='word_1_256' title='bbox 1127 2731 1171 2781; x_wconf 82' lang='lat' dir='ltr'>op.</span> <span class='ocrx_word' id='word_1_257' title='bbox 1186 2712 1237 2766; x_wconf 79' lang='lat' dir='ltr'>Fr.</span> 
     </span>
     <span class='ocr_line' id='line_1_29' title="bbox 219 2783 1237 2855; baseline -0.001 -16"><span class='ocrx_word' id='word_1_258' title='bbox 219 2790 306 2855; x_wconf 69' lang='lat' dir='ltr'>pre,</span> <span class='ocrx_word' id='word_1_259' title='bbox 320 2791 351 2840; x_wconf 84' lang='lat' dir='ltr'>at</span> <span class='ocrx_word' id='word_1_260' title='bbox 363 2787 398 2852; x_wconf 81' lang='lat' dir='ltr'>cf.</span> <span class='ocrx_word' id='word_1_261' title='bbox 411 2787 550 2854; x_wconf 62' lang='grc'>11101122</span> <span class='ocrx_word' id='word_1_262' title='bbox 563 2791 588 2838; x_wconf 83' lang='lat' dir='ltr'>et</span> <span class='ocrx_word' id='word_1_263' title='bbox 603 2787 663 2851; x_wconf 87' lang='lat'><strong><em>9,3.</em></strong></span> <span class='ocrx_word' id='word_1_264' title='bbox 719 2783 927 2853; x_wconf 72' lang='lat' dir='ltr'>tiphysicd...</span> <span class='ocrx_word' id='word_1_265' title='bbox 943 2784 1053 2838; x_wconf 73' lang='lat' dir='ltr'>rationi</span> <span class='ocrx_word' id='word_1_266' title='bbox 1068 2785 1195 2853; x_wconf 72' lang='lat' dir='ltr'>obposita</span> <span class='ocrx_word' id='word_1_267' title='bbox 1205 2785 1237 2838; x_wconf 89' lang='lat' dir='ltr'>P.</span> 
     </span>
     <span class='ocr_line' id='line_1_30' title="bbox 224 2854 1239 2924; baseline -0.004 -13"><span class='ocrx_word' id='word_1_268' title='bbox 224 2856 262 2911; x_wconf 84' lang='lat'>10</span> <span class='ocrx_word' id='word_1_269' title='bbox 277 2857 331 2910; x_wconf 90' lang='lat' dir='ltr'>huc</span> <span class='ocrx_word' id='word_1_270' title='bbox 346 2859 378 2911; x_wconf 88' lang='lat' dir='ltr'>P.</span> <span class='ocrx_word' id='word_1_271' title='bbox 436 2857 471 2910; x_wconf 98' lang='grc'>11</span> <span class='ocrx_word' id='word_1_272' title='bbox 490 2856 516 2909; x_wconf 82' lang='lat' dir='ltr'>d.</span> <span class='ocrx_word' id='word_1_273' title='bbox 532 2862 595 2910; x_wconf 81' lang='lat' dir='ltr'>oute</span> <span class='ocrx_word' id='word_1_274' title='bbox 608 2871 729 2924; x_wconf 88' lang='lat' dir='ltr'>poenam</span> <span class='ocrx_word' id='word_1_275' title='bbox 743 2856 808 2910; x_wconf 84' lang='lat' dir='ltr'>cdd.</span> <span class='ocrx_word' id='word_1_276' title='bbox 865 2854 1112 2910; x_wconf 74' lang='lat' dir='ltr'>141ecrervenrur</span> <span class='ocrx_word' id='word_1_277' title='bbox 1126 2857 1182 2922; x_wconf 81' lang='lat' dir='ltr'>Bu,</span> <span class='ocrx_word' id='word_1_278' title='bbox 1196 2871 1239 2908; x_wconf 85' lang='lat' dir='ltr'>re-</span> 
     </span>
     <span class='ocr_line' id='line_1_31' title="bbox 222 2925 1239 2996; baseline 0.002 -16"><span class='ocrx_word' id='word_1_279' title='bbox 222 2927 380 2980; x_wconf 84' lang='lat' dir='ltr'>funduntur</span> <span class='ocrx_word' id='word_1_280' title='bbox 400 2931 441 2982; x_wconf 81' lang='lat' dir='ltr'>M.</span> <span class='ocrx_word' id='word_1_281' title='bbox 453 2929 561 2995; x_wconf 79' lang='lat' dir='ltr'>Haupt,</span> <span class='ocrx_word' id='word_1_282' title='bbox 577 2927 669 2982; x_wconf 85' lang='lat' dir='ltr'>Herm.</span> <span class='ocrx_word' id='word_1_283' title='bbox 687 2928 765 2981; x_wconf 87' lang='lat' dir='ltr'><em>VIII</em></span> <span class='ocrx_word' id='word_1_284' title='bbox 775 2931 831 2981; x_wconf 81' lang='lat'>249</span> <span class='ocrx_word' id='word_1_285' title='bbox 842 2930 889 2995; x_wconf 86' lang='lat'>(=</span> <span class='ocrx_word' id='word_1_286' title='bbox 902 2927 997 2996; x_wconf 78' lang='lat' dir='ltr'>Operae.</span> <span class='ocrx_word' id='word_1_287' title='bbox 1009 2928 1064 2980; x_wconf 93' lang='lat' dir='ltr'>III</span> <span class='ocrx_word' id='word_1_288' title='bbox 1076 2932 1141 2996; x_wconf 82' lang='lat'><strong><em>634)</em></strong></span> <span class='ocrx_word' id='word_1_289' title='bbox 1156 2934 1182 2982; x_wconf 81' lang='lat' dir='ltr'>et</span> <span class='ocrx_word' id='word_1_290' title='bbox 1196 2925 1239 2982; x_wconf 76' lang='lat' dir='ltr'>Fr</span> 
     </span>
     <span class='ocr_line' id='line_1_32' title="bbox 220 2999 1270 3068; baseline -0.001 -15"><span class='ocrx_word' id='word_1_291' title='bbox 220 3017 250 3068; x_wconf 84' lang='lat' dir='ltr'>p.</span> <span class='ocrx_word' id='word_1_292' title='bbox 265 3003 311 3067; x_wconf 78' lang='lat'>18,</span> <span class='ocrx_word' id='word_1_293' title='bbox 324 2999 480 3053; x_wconf 90' lang='lat' dir='ltr'>redduntur</span> <span class='ocrx_word' id='word_1_294' title='bbox 494 2999 697 3066; x_wconf 72' lang='lat' dir='ltr'>Reifferscheid,</span> <span class='ocrx_word' id='word_1_295' title='bbox 715 3001 901 3052; x_wconf 89' lang='lat' dir='ltr'>renascuntur</span> <span class='ocrx_word' id='word_1_296' title='bbox 915 3000 980 3065; x_wconf 86' lang='lat' dir='ltr'>Hc;</span> <span class='ocrx_word' id='word_1_297' title='bbox 999 3006 1029 3052; x_wconf 83' lang='lat' dir='ltr'>at</span> <span class='ocrx_word' id='word_1_298' title='bbox 1046 3005 1114 3053; x_wconf 80' lang='lat' dir='ltr'>recte</span> <span class='ocrx_word' id='word_1_299' title='bbox 1131 2999 1240 3054; x_wconf 80' lang='lat' dir='ltr'>uidetur</span> <span class='ocrx_word' id='word_1_300' title='bbox 1268 3021 1270 3026; x_wconf 89' lang='lat'><em>·</em></span> 
     </span>
     <span class='ocr_line' id='line_1_33' title="bbox 223 3068 1239 3136; baseline -0.004 -10"><span class='ocrx_word' id='word_1_301' title='bbox 223 3087 330 3126; x_wconf 82' lang='lat' dir='ltr'>mouere</span> <span class='ocrx_word' id='word_1_302' title='bbox 344 3072 390 3124; x_wconf 83' lang='lat' dir='ltr'>Kr</span> <span class='ocrx_word' id='word_1_303' title='bbox 408 3072 576 3125; x_wconf 74' lang='lat' dir='ltr'>contrariam</span> <span class='ocrx_word' id='word_1_304' title='bbox 595 3071 627 3123; x_wconf 79' lang='lat' dir='ltr'>ia</span> <span class='ocrx_word' id='word_1_305' title='bbox 644 3071 723 3124; x_wconf 82' lang='lat' dir='ltr'>corbo</span> <span class='ocrx_word' id='word_1_306' title='bbox 741 3071 931 3136; x_wconf 83' lang='lat' dir='ltr'>reconduntur</span> <span class='ocrx_word' id='word_1_307' title='bbox 948 3071 992 3124; x_wconf 85' lang='lat' dir='ltr'>lu&#39;c</span> <span class='ocrx_word' id='word_1_308' title='bbox 1011 3086 1064 3124; x_wconf 84' lang='lat' dir='ltr'>cccc</span> <span class='ocrx_word' id='word_1_309' title='bbox 1077 3068 1239 3124; x_wconf 61' lang='lat' dir='ltr'>sonnatium</span> 
     </span>
     <span class='ocr_line' id='line_1_34' title="bbox 223 3139 1267 3212; baseline -0.004 -16"><span class='ocrx_word' id='word_1_310' title='bbox 223 3149 303 3212; x_wconf 79' lang='lat' dir='ltr'>atquc</span> <span class='ocrx_word' id='word_1_311' title='bbox 321 3143 353 3196; x_wconf 79' lang='lat' dir='ltr'>iu</span> <span class='ocrx_word' id='word_1_312' title='bbox 371 3141 539 3197; x_wconf 76' lang='lat' dir='ltr'>antecedenti</span> <span class='ocrx_word' id='word_1_313' title='bbox 557 3141 723 3209; x_wconf 86' lang='lat' dir='ltr'>conduntur,</span> <span class='ocrx_word' id='word_1_314' title='bbox 740 3143 774 3208; x_wconf 78' lang='lat' dir='ltr'>cf.</span> <span class='ocrx_word' id='word_1_315' title='bbox 791 3141 919 3209; x_wconf 67' lang='lat' dir='ltr'>‘reclude</span> <span class='ocrx_word' id='word_1_316' title='bbox 937 3142 1041 3210; x_wconf 67' lang='lat' dir='ltr'>radpo&#39;.</span> <span class='ocrx_word' id='word_1_317' title='bbox 1097 3139 1134 3194; x_wconf 81' lang='lat'>15</span> <span class='ocrx_word' id='word_1_318' title='bbox 1153 3139 1239 3193; x_wconf 87' lang='lat' dir='ltr'>velim</span> <span class='ocrx_word' id='word_1_319' title='bbox 1260 3143 1267 3157; x_wconf 68' lang='lat'><em>¹</em></span> 
     </span>
     <span class='ocr_line' id='line_1_35' title="bbox 228 3207 1239 3283; baseline -0.004 -16"><span class='ocrx_word' id='word_1_320' title='bbox 228 3214 287 3280; x_wconf 84' lang='lat' dir='ltr'>We,</span> <span class='ocrx_word' id='word_1_321' title='bbox 302 3231 325 3268; x_wconf 88' lang='lat' dir='ltr'>c.</span> <span class='ocrx_word' id='word_1_322' title='bbox 341 3214 427 3279; x_wconf 75' lang='lat' dir='ltr'>iufra.</span> <span class='ocrx_word' id='word_1_323' title='bbox 512 3214 546 3267; x_wconf 76' lang='lat' dir='ltr'>li</span> <span class='ocrx_word' id='word_1_324' title='bbox 568 3211 726 3266; x_wconf 86' lang='lat' dir='ltr'>iuncxerint</span> <span class='ocrx_word' id='word_1_325' title='bbox 744 3231 806 3268; x_wconf 83' lang='lat' dir='ltr'>cum</span> <span class='ocrx_word' id='word_1_326' title='bbox 825 3213 871 3266; x_wconf 85' lang='lat' dir='ltr'>Fl.</span> <span class='ocrx_word' id='word_1_327' title='bbox 879 3229 927 3283; x_wconf 79' lang='lat' dir='ltr'>pr,</span> <span class='ocrx_word' id='word_1_328' title='bbox 944 3231 968 3266; x_wconf 85' lang='lat' dir='ltr'>o.</span> <span class='ocrx_word' id='word_1_329' title='bbox 984 3212 1030 3266; x_wconf 77' lang='lat' dir='ltr'>sa.</span> <span class='ocrx_word' id='word_1_330' title='bbox 1103 3210 1140 3264; x_wconf 79' lang='lat'>18</span> <span class='ocrx_word' id='word_1_331' title='bbox 1160 3207 1239 3264; x_wconf 87' lang='lat' dir='ltr'>aliud</span> 
     </span>
    </p>

    <p class='ocr_par' dir='ltr' id='par_1_5' title="bbox 218 3280 1202 3426">
     <span class='ocr_line' id='line_1_36' title="bbox 242 3280 1202 3353; baseline -0.004 -13"><span class='ocrx_word' id='word_1_332' title='bbox 242 3293 283 3340; x_wconf 87' lang='lat' dir='ltr'>ost</span> <span class='ocrx_word' id='word_1_333' title='bbox 298 3285 412 3339; x_wconf 66' lang='lat' dir='ltr'>alteram</span> <span class='ocrx_word' id='word_1_334' title='bbox 432 3301 488 3338; x_wconf 94' lang='lat' dir='ltr'>non</span> <span class='ocrx_word' id='word_1_335' title='bbox 504 3287 564 3338; x_wconf 90' lang='lat' dir='ltr'>erat</span> <span class='ocrx_word' id='word_1_336' title='bbox 582 3286 677 3353; x_wconf 62' lang='lat' dir='ltr'>repeat</span> <span class='ocrx_word' id='word_1_337' title='bbox 690 3284 734 3339; x_wconf 81' lang='lat' dir='ltr'>Sl.</span> <span class='ocrx_word' id='word_1_338' title='bbox 755 3291 785 3338; x_wconf 88' lang='lat' dir='ltr'>ot</span> <span class='ocrx_word' id='word_1_339' title='bbox 802 3285 836 3350; x_wconf 79' lang='lat' dir='ltr'>cf.</span> <span class='ocrx_word' id='word_1_340' title='bbox 854 3287 932 3351; x_wconf 64' lang='lat'><em>7315.</em></span> <span class='ocrx_word' id='word_1_341' title='bbox 1007 3283 1044 3338; x_wconf 82' lang='grc'>19</span> <span class='ocrx_word' id='word_1_342' title='bbox 1063 3280 1153 3352; x_wconf 86' lang='lat' dir='ltr'>fugib;</span> <span class='ocrx_word' id='word_1_343' title='bbox 1168 3283 1202 3336; x_wconf 91' lang='lat' dir='ltr'>P.</span> 
     </span>
     <span class='ocr_line' id='line_1_37' title="bbox 218 3303 813 3426; baseline -0.002 -16"><span class='ocrx_word' id='word_1_344' title='bbox 218 3303 262 3410; x_wconf 67' lang='lat' dir='ltr'>do</span> <span class='ocrx_word' id='word_1_345' title='bbox 281 3371 363 3426; x_wconf 87' lang='lat' dir='ltr'>agas.</span> <span class='ocrx_word' id='word_1_346' title='bbox 381 3354 474 3408; x_wconf 90' lang='lat' dir='ltr'>ululas</span> <span class='ocrx_word' id='word_1_347' title='bbox 495 3357 526 3409; x_wconf 91' lang='lat' dir='ltr'>P.</span> <span class='ocrx_word' id='word_1_348' title='bbox 601 3355 637 3409; x_wconf 79' lang='lat'>21</span> <span class='ocrx_word' id='word_1_349' title='bbox 648 3356 766 3425; x_wconf 87' lang='lat' dir='ltr'>planges</span> <span class='ocrx_word' id='word_1_350' title='bbox 780 3357 813 3409; x_wconf 92' lang='lat' dir='ltr'>P.</span> 
     </span>
    </p>
   </div>
   <div class='ocr_carea' id='block_1_5' title="bbox 222 3460 1239 3673">
    <p class='ocr_par' dir='ltr' id='par_1_6' title="bbox 222 3460 1239 3673">
     <span class='ocr_line' id='line_1_38' title="bbox 314 3460 1238 3530; baseline 0.001 -15"><span class='ocrx_word' id='word_1_351' title='bbox 314 3462 329 3515; x_wconf 95' lang='grc'>1</span> <span class='ocrx_word' id='word_1_352' title='bbox 353 3464 441 3518; x_wconf 75' lang='lat' dir='ltr'>Molle.</span> <span class='ocrx_word' id='word_1_353' title='bbox 459 3461 573 3517; x_wconf 67' lang='lat'>011011&#39;</span> <span class='ocrx_word' id='word_1_354' title='bbox 583 3467 619 3516; x_wconf 88' lang='lat'>17</span> <span class='ocrx_word' id='word_1_355' title='bbox 637 3462 724 3516; x_wconf 91' lang='lat' dir='ltr'>nimio</span> <span class='ocrx_word' id='word_1_356' title='bbox 742 3460 940 3530; x_wconf 88' lang='lat' dir='ltr'>impatientiae</span> <span class='ocrx_word' id='word_1_357' title='bbox 959 3461 1065 3514; x_wconf 91' lang='lat' dir='ltr'>ardore.</span> <span class='ocrx_word' id='word_1_358' title='bbox 1086 3462 1120 3527; x_wconf 82' lang='lat' dir='ltr'>cf.</span> <span class='ocrx_word' id='word_1_359' title='bbox 1136 3462 1169 3516; x_wconf 81' lang='lat' dir='ltr'>dc</span> <span class='ocrx_word' id='word_1_360' title='bbox 1187 3477 1238 3516; x_wconf 78' lang='lat' dir='ltr'>err.</span> 
     </span>
     <span class='ocr_line' id='line_1_39' title="bbox 222 3531 1239 3602; baseline -0.006 -11"><span class='ocrx_word' id='word_1_361' title='bbox 222 3538 269 3600; x_wconf 75' lang='lat'>28,</span> <span class='ocrx_word' id='word_1_362' title='bbox 281 3538 305 3588; x_wconf 88' lang='lat'>5.</span> <span class='ocrx_word' id='word_1_363' title='bbox 398 3533 435 3587; x_wconf 78' lang='lat'>15</span> <span class='ocrx_word' id='word_1_364' title='bbox 456 3535 546 3589; x_wconf 73' lang='lat' dir='ltr'>Mate.</span> <span class='ocrx_word' id='word_1_365' title='bbox 561 3538 605 3600; x_wconf 87' lang='lat'>13,</span> <span class='ocrx_word' id='word_1_366' title='bbox 616 3539 649 3588; x_wconf 83' lang='lat'>31</span> <span class='ocrx_word' id='word_1_367' title='bbox 664 3533 774 3587; x_wconf 87' lang='lat' dir='ltr'>Vellem</span> <span class='ocrx_word' id='word_1_368' title='bbox 792 3532 889 3600; x_wconf 86' lang='lat' dir='ltr'>itaque</span> <span class='ocrx_word' id='word_1_369' title='bbox 902 3531 973 3586; x_wconf 87' lang='lat' dir='ltr'>mihi</span> <span class='ocrx_word' id='word_1_370' title='bbox 991 3535 1024 3586; x_wconf 85' lang='lat' dir='ltr'>tu</span> <span class='ocrx_word' id='word_1_371' title='bbox 1035 3573 1041 3586; x_wconf 93' lang='lat'><strong>.</strong></span> <span class='ocrx_word' id='word_1_372' title='bbox 1053 3574 1076 3586; x_wconf 85' lang='lat'>..</span> <span class='ocrx_word' id='word_1_373' title='bbox 1093 3531 1239 3602; x_wconf 87' lang='lat' dir='ltr'>quaerenti</span> 
     </span>
     <span class='ocr_line' id='line_1_40' title="bbox 222 3604 617 3673; baseline 0.003 -16"><span class='ocrx_word' id='word_1_374' title='bbox 222 3621 257 3657; x_wconf 88' lang='lat' dir='ltr'>ea</span> <span class='ocrx_word' id='word_1_375' title='bbox 275 3604 452 3673; x_wconf 84' lang='lat' dir='ltr'>respondeas,</span> <span class='ocrx_word' id='word_1_376' title='bbox 471 3607 617 3672; x_wconf 71' lang='lat' dir='ltr'>cfi15‚23.</span> 
     </span>
    </p>
   </div>
   <div class='ocr_carea' id='block_1_6' title="bbox 0 0 1354 4068">
    <p class='ocr_par' dir='ltr' id='par_1_7' title="bbox 0 0 1354 4068">
     <span class='ocr_line' id='line_1_41' title="bbox 0 0 1354 4068; baseline 0 1"><span class='ocrx_word' id='word_1_377' title='bbox 0 0 1354 4068; x_wconf 95' lang='lat' dir='ltr'> </span> 
     </span>
    </p>
   </div>
  </div>
 </body>
</html>
