2698 4068
231 220 279 285 ,10
580 219 719 276 FIRMIOI
737 221 904 276 MATERNI

325 389 377 449 IV.
410 389 527 466 Assyrii
550 392 580 448 et
602 409 672 468 pers
687 390 829 450 Afrorum
852 400 951 450 adrem
975 392 1115 452 ducatum
1138 393 1247 454 habere

215 481 448 540 ¹elementorum
470 480 584 553 volunt,
608 482 639 539 et
666 480 743 538 huno
770 481 937 558 imagineis
959 480 1136 558 figuratione
1160 501 1246 543 vene-

235 573 348 629 rantur.
381 569 459 627 Nam
478 570 557 627 hunc
575 568 701 628 eundem
723 569 754 627 id
778 573 822 628 est
846 575 952 645 adrem,
975 573 1093 629 nomine
1112 571 1245 632 Iunonis·

232 661 282 718 uel
305 660 430 718 Veneris
453 659 578 735 virginis
593 690 635 699 —
651 658 676 716 si
698 660 799 716 tamen
814 658 923 717 Veneri
946 659 1061 735 placuit
1084 661 1245 735 aliquando

231 750 390 826 virginitas
424 780 465 788 -
499 750 716 807 conseerarunt.
771 747 914 807 Iunonem
946 767 1017 807 sane
1046 767 1083 807 ne
1116 752 1146 808 et
1175 751 1244 809 hinc
1273 773 1285 813 s

231 839 346 896 deesset
368 839 523 911 incestum,
545 835 625 896 Iovis
644 837 751 895 volunt
773 855 808 895 ex
826 854 926 895 sorore
944 839 1100 916 coniugem
1122 839 1243 898 factum.

231 927 449 986 Effeminerunt
476 944 546 984 sene
573 927 630 984 hoo
658 926 838 983 elementum
865 927 1026 1002 nescioquo
1052 925 1243 988 veneratione

230 1017 377 1075 commoti.
424 1015 505 1072 Num
537 1016 608 1091 quin
640 1019 691 1072 ser
722 1015 896 1073 interiectus
929 1017 974 1074 est
1000 1017 1079 1074 inter
1108 1035 1189 1076 mere
1213 1022 1243 1077 et

27 1135 29 1140 ·
141 1113 218 1160 tow
232 1105 355 1178 caelum,
378 1105 556 1162 effeminatis
575 1123 642 1162 eum
659 1097 661 1182 l
679 1103 866 1163 sacerdotnm
885 1105 1007 1164 vocibus
1025 1106 1241 1181 prosecuntur?

193 1195 284 1257 2Dio
312 1195 386 1252 mihi
412 1194 468 1251 hoc
496 1213 603 1252 numen
628 1197 680 1267 est,
704 1192 784 1268 quod
806 1193 838 1250 in
861 1196 926 1253 viro
949 1194 1090 1252 feminum
1114 1198 1240 1270 quaerit,
1256 1220 1281 1258 10

227 1284 276 1342 oui
299 1284 387 1341 aliter
410 1284 519 1342 servire
543 1281 729 1341 secerdotum
757 1299 878 1340 suorum
908 1284 1015 1342 chorus
1043 1303 1103 1342 non
1131 1288 1239 1361 potest,

224 1374 284 1430 nisi
306 1373 476 1431 effeminent
499 1371 627 1430 vultum·
656 1374 754 1429 cutem
781 1371 911 1446 poliunt,
940 1375 970 1431 et
997 1372 1115 1430 virilem
1139 1393 1239 1432 sexum

225 1466 333 1520 ornatu
360 1460 503 1519 muliebre
536 1457 730 1520 dedecorent?
763 1459 872 1518 Videre
900 1463 945 1520 est
967 1461 999 1518 in
1022 1462 1095 1536 ipsis
1118 1464 1239 1539 templis

225 1570 292 1610 cum
319 1551 438 1627 publico
467 1552 581 1627 gemitu
608 1549 777 1608 miseranda
805 1549 944 1624 ludibria,
972 1552 1052 1610 viros
1078 1552 1238 1612 muliebria

223 1642 298 1715 peti,
321 1643 351 1699 et
374 1641 451 1698 hano
474 1639 584 1716 impuri
607 1642 637 1697 et
659 1637 792 1713 inpudici
820 1639 952 1715 corporis
979 1639 1094 1698 lnbem·
1106 1641 1237 1718 gloriosa
1252 1665 1277 1704 ιε

223 1731 422 1788 ostentatione
446 1729 590 1805 detegere.
641 1727 801 1786 Publiosnt
827 1729 961 1788 facinore
988 1746 1050 1801 sue,
1079 1733 1109 1788 et
1137 1734 1236 1791 oonte-

222 1818 329 1877 mineti
352 1819 484 1893 corporis
507 1818 631 1875 vitium·
645 1836 712 1875 oum
734 1817 865 1874 munima
889 1816 1096 1877 delectationis
1119 1821 1238 1879 macule

222 1907 406 1966 confitentur.
448 1906 603 1964 Exornant
625 1904 811 1965 muliebriter
829 1908 959 1966 nutritos
984 1908 1087 1982 crines,
1111 1911 1141 1966 et
1164 1908 1237 1968 deli-
1340 1955 1341 1960 κ

222 1995 296 2055 catis
321 1995 424 2055 nmicti
451 1993 582 2054 vestibus
611 1997 661 2052 vix
689 1997 781 2070 caput
807 1995 886 2054 lesse
917 1997 1030 2055 cervice
1058 2000 1234 2058 sustentent.

310 2147 325 2200 1
347 2165 407 2216 sqq.
428 2147 482 2202 Cic.
502 2148 534 2201 de
557 2153 614 2200 eat.
635 2147 706 2202 deor.
725 2147 764 2200 II
779 2152 816 2202 66
891 2163 939 2201 uer
962 2151 1069 2216 eutem,
1093 2153 1125 2203 ut
1148 2150 1235 2206 Stoici

220 2219 375 2287 disputent,
400 2217 564 2272 interiectus
592 2218 666 2272 inter
692 2235 770 2273 mere
796 2221 824 2273 et
852 2219 960 2273 coelum
982 2220 1096 2274 Iunonis
1121 2222 1234 2276 nomine

219 2293 405 2357 consecretur,
425 2307 496 2358 queo
516 2291 559 2344 est
577 2306 654 2344 soror
668 2292 697 2342 et
711 2289 928 2358 conmunionis,
947 2292 1023 2358 quod
1038 2291 1063 2345 ei
1078 2292 1234 2347 similitudo

219 2364 262 2416 est
280 2362 403 2416 aetheris
422 2365 451 2415 et
470 2379 532 2416 cum
552 2377 585 2415 eo
600 2379 708 2414 summe
723 2360 890 2416 coniunctio.
920 2361 1124 2418 Effeminenmt
1138 2366 1234 2420 sutem

218 2449 282 2487 eum
304 2433 460 2502 iuuenique
483 2432 685 2486 tribuerunt..
703 2475 708 2485 .
805 2431 842 2487 19
863 2434 988 2488 Marem.
1002 2452 1047 2503 ap.
1062 2435 1123 2490 See.
1139 2437 1195 2505 Ep.
1213 2439 1239 2492 V

218 2511 278 2573 114,
288 2523 319 2575 p.
335 2509 396 2573 534,
406 2511 444 2560 20
458 2507 550 2559 Hense
568 2506 600 2556 ut
619 2503 726 2558 cervice
744 2503 819 2557 lesse
838 2505 970 2580 tenuntur
983 2507 1104 2560 nemoris
1118 2508 1233 2573 tyranni

219 2579 266 2644 (A.
282 2577 459 2647 Eichenberp,
482 2575 514 2630 dc
533 2576 625 2631 Persii
642 2578 794 2630 satirarum
812 2582 916 2629 catera
935 2583 1016 2644 atque
1036 2579 1136 2645 ledele,
1155 2581 1231 2635 Dies.

223 2651 368 2704 Vratislao.
384 2652 465 2714 1905,
489 2648 563 2701 lber,
580 2651 617 2713 5).
648 2647 689 2714 Of.
705 2649 779 2700 Pers.
795 2648 815 2698 I
830 2650 867 2700 98
888 2647 957 2714 (St).

306 2773 322 2826 1
342 2771 504 2826 ASSYRIIS
524 2773 557 2836 P,
576 2771 623 2825 sed
642 2771 659 2823 S
677 2772 724 2837 ste.
740 2788 808 2825 erus.
887 2771 904 2824 ‘3
924 2771 949 2825 d.
966 2779 1030 2827 ante
1048 2776 1076 2827 et
1095 2777 1158 2830 odd.

216 2845 234 2898 3
253 2844 284 2896 id
299 2847 341 2898 est
355 2848 447 2897 utrem
461 2843 511 2897 del.
524 2843 573 2897 Wo
584 2844 642 2908 Hc,
656 2843 741 2896 sede.
755 2842 791 2897 Oe
805 2849 829 2896 et
844 2843 889 2896 Kr
899 2850 923 2897 et
933 2843 977 2898 St.
1029 2845 1055 2900 d.
1067 2852 1231 2914 portaerem

216 2917 279 2968 add.
345 2915 362 2969 5
377 2933 430 2984 pro
446 2931 512 2968 sene
527 2915 577 2967 Ha
590 2915 695 2968 mauult
709 2916 811 2967 eutem.
874 2915 892 2967 d
912 2916 938 2968 cl.
951 2922 1015 2970 ante
1029 2916 1101 2970 lovis
1115 2918 1179 2971 add.

215 2985 322 3040 uolunt.
338 3004 372 3040 ex
382 2989 414 3040 P.
467 2985 676 3040 7Etfeminerd
686 2986 719 3038 P.
771 2984 876 3038 8Num
888 2987 947 3052 We,
961 2986 1049 3040 NsP.
1101 2989 1232 3056 lictpoot

216 3056 324 3112 coelum
341 3059 404 3112 add.
479 3059 515 3112 lo
534 3073 637 3111 nomen
652 3058 686 3124 P,
705 3074 773 3112 corr.
784 3058 840 3112 Bu.
913 3057 938 3111 d.
952 3064 1014 3126 post
1032 3061 1075 3112 est
1093 3059 1157 3113 add.

215 3129 253 3182 13
273 3132 374 3183 ometd
387 3129 524 3184 muliebre
538 3130 573 3196 P,
588 3146 639 3197 per
652 3131 783 3184 ornatum
796 3127 962 3182 muliebrem
976 3131 1034 3196 Ha,
1054 3133 1154 3184 ornatu
1168 3148 1228 3184 mu-

213 3199 296 3254 liebri
311 3202 362 3267 Fl,
381 3203 481 3255 ornatu
495 3199 631 3254 muliebre
646 3203 703 3255 Bc.
777 3197 814 3253 14
833 3201 859 3254 d.
874 3207 937 3254 cete
955 3199 1027 3254 viros
1047 3201 1111 3255 add.
1136 3203 1182 3256 dd.
1201 3220 1228 3269 p.

215 3272 252 3326 le
270 3271 364 3325 lebem
382 3278 407 3326 ct
426 3272 463 3325 16
483 3290 533 3326 sue
551 3278 576 3326 ct
595 3272 630 3326 17
652 3272 753 3325 vitium
771 3272 835 3325 add.

303 3396 321 3450 3
340 3396 414 3449 hunc
433 3397 561 3464 eundem,
574 3400 608 3465 cf.
626 3397 715 3462 Kroll,
731 3396 806 3450 Mus.
819 3397 903 3451 Rbcn.
915 3396 980 3449 LII
991 3401 1055 3451 586.
1111 3397 1149 3452 14
1167 3417 1228 3453 mu-

212 3467 313 3521 liebria
334 3468 404 3536 pau,
424 3470 458 3535 cf.
472 3472 575 3534 28,18.
596 3470 686 3523 Mate.
700 3471 821 3534 221,28.
843 3467 1043 3522 LXXVH'I
1052 3473 1096 3524 24.
1118 3473 1169 3526 Mo
1183 3475 1227 3525 49.

213 3539 374 3678 {appiifflpuri
389 3541 417 3592 et
431 3539 567 3608 inpudici,
586 3542 620 3606 cf.
637 3541 688 3593 Mo
702 3543 745 3592 49.
805 3538 842 3593 18
864 3541 951 3594 Math.
963 3539 1061 3594 LX'J
1070 3546 1087 3595 4
1101 3543 1228 3596 nutrient
