2698 4068
209 209 251 274 12
555 208 693 272 sladum
709 207 878 268 Massam

297 379 333 436 V.
356 377 464 442 Persae
494 380 524 437 et
552 377 636 456 Magi
666 396 767 438 omnes
792 379 844 454 qui
865 377 1003 442 Persicae
1025 376 1155 454 regionis
1177 377 1223 434 in-

206 455 311 530 colunt
327 467 410 540 fines,
428 466 527 545 ignem
545 468 726 543 praeferunt,
747 470 778 526 et
795 467 931 528 omnibus
952 465 1104 526 elementis
1122 468 1223 542 iguem

207 559 317 634 putant
346 556 451 616 debere
480 557 633 632 praeponi.
677 556 719 616 Hi
746 558 849 631 itaque
872 559 971 634 ignem
994 557 1026 616 in
1049 555 1123 613 dues
1147 553 1222 614 divi-

207 645 285 708 dunt
306 646 483 721 potestates,
515 649 654 705 naturam
687 647 749 706 eius
776 644 816 702 ad
838 647 994 721 utriusque
1018 661 1103 704 sexus
1125 647 1223 712 mams-

207 734 350 808 fsrentes,
380 737 410 792 et
439 737 498 794 viri
527 738 557 793 et
585 735 713 802 feminee
737 734 896 804 simulacro
918 735 997 814 ignis
1020 733 1223 794 substantiam
1252 756 1266 796 s

207 823 392 899 deputantes.
438 824 480 882 Et
508 824 664 885 mulierem
694 823 816 898 quidem
844 823 976 891 triformi
997 823 1084 882 vultu
1114 823 1223 881 consti-

206 915 306 986 tuunt,
335 914 510 972 monstrosis
534 931 600 972 eam
622 911 810 988 serpentibus
832 912 1003 990 inligantes.
1049 909 1134 980 Quod
1156 911 1223 970 ideo

207 1002 324 1068 faciunt
351 1021 388 1061 ne
416 1002 453 1061 ab
482 1004 602 1061 auctore
629 1019 682 1060 suo
706 1000 825 1062 diabolo
849 1002 951 1077 aliqua
973 1002 1089 1060 ratione
1112 1000 1223 1060 dissen-

207 1092 299 1166 tiant,
329 1090 381 1152 sed
417 1093 452 1149 ut
487 1090 543 1150 dea
575 1109 629 1150 sua
656 1090 842 1166 serpentibus
870 1090 1027 1166 'pullulans
1042 1105 1049 1117 ·
1063 1088 1223 1150 maculosis

172 1195 188 1244 2
205 1179 321 1242 diaboli
337 1179 504 1257 insignibus
523 1179 691 1240 adornetur.
724 1180 831 1240 Virum
844 1199 915 1239 vero
930 1179 1100 1239 abactorem
1113 1178 1222 1238 bovum
1237 1203 1266 1242 ro

208 1267 338 1330 colentes
366 1286 451 1330 secra
478 1269 541 1330 eins
569 1269 608 1330 ad
630 1269 709 1347 ignis
732 1269 918 1328 transferunt
934 1270 1123 1345 potestatem,
1147 1269 1225 1326 sicut

207 1358 354 1434 propheta
377 1352 440 1416 eius
462 1357 589 1418 tradidit
611 1357 695 1420 nobis
719 1357 832 1418 dicens:

299 1445 411 1506 Μύστα
433 1446 613 1524 &contentos
632 1441 799 1524 laesisse
821 1445 932 1524 πατρὸς
955 1443 1079 1526 ἀγαυοῦ.

297 1536 385 1595 Hunc
407 1537 550 1602 Mithram
580 1535 696 1610 dicunt,
726 1554 811 1597 sacra
840 1555 910 1595 vero
934 1536 996 1594 eius
1019 1537 1051 1594 in
1074 1536 1223 1612 speluncis

207 1625 320 1688 abditis
343 1625 481 1699 tradunt,
510 1628 545 1683 nt
572 1645 688 1700 semper
717 1625 841 1686 obscuro
870 1624 1062 1686 tenebrarum
1085 1625 1223 1700 squalore
1238 1647 1266 1688 rs

209 1714 347 1776 demersi·
367 1715 497 1792 gratiam
511 1713 660 1790 splendidi
674 1732 708 1772 ac
722 1716 820 1774 sereni
835 1713 959 1774 luminis
978 1715 1082 1774 vitent.
1114 1710 1138 1772 Ο
1153 1732 1224 1772 vera

142 1815 189 1866 (aa)
207 1803 338 1867 numinis
353 1803 546 1862 consecratio!
572 1800 596 1862 0
611 1801 783 1863 barbaricae
797 1802 872 1880 legis
886 1803 1029 1879 fugienda
1044 1803 1223 1862 commentat

208 1891 304 1956 Deum
328 1909 391 1951 esse
415 1892 510 1956 eredis
533 1893 617 1950 euius
641 1891 676 1950 de
699 1891 859 1952 sceleribus
883 1891 1040 1954 confiteris.
1083 1892 1144 1952 Vos
1166 1893 1223 1951 ite-
1340 1929 1341 1938 κ

209 1999 266 2056 que
289 1983 343 2056 qui
365 1980 464 2040 dicitis
488 1981 519 2038 in
541 1981 588 2040 his
610 1981 732 2055 templis
754 1982 811 2040 rite
829 1975 936 2058 <saera
958 1976 1044 2059 fieri>
1066 1981 1224 2058 Magorum

207 2071 271 2132 ritu
293 2070 425 2144 Persico,
455 2088 507 2130 cur
536 2070 609 2129 haec
632 2069 790 2132 Persarum
819 2070 884 2130 sola
913 2068 1066 2132 laudatis?
1112 2069 1144 2128 Si
1166 2069 1222 2132 boc
1237 2091 1265 2132 ro

207 2159 343 2218 Romano
374 2160 494 2219 nomine
518 2159 641 2236 dignum
668 2160 793 2234 putetis,
822 2163 858 2218 ut
880 2159 1039 2218 Persarum
1062 2161 1164 2232 saeris,
1187 2162 1224 2218 ut

207 2248 366 2308 Persarum
389 2248 504 2325 legibus
527 2249 668 2308 serviatis
700 2266 716 2301 s
763 2266 779 2302 s
826 2265 843 2302 s
889 2267 906 2303 s
953 2267 969 2302 a
1016 2267 1033 2304 a
1080 2267 1095 2301 s
1143 2267 1158 2300 a
1207 2271 1221 2300 e

378 2345 500 2433 (Deserat
517 2365 587 2433 folio
605 2365 660 2420 duo
679 2365 788 2431 coare,
806 2383 830 2419 s.
841 2366 931 2434 praef.
943 2382 973 2433 p.
988 2365 1057 2432 IX.)

297 2525 315 2579 9
340 2527 416 2596 Verp.
431 2527 501 2582 Aere.
516 2526 643 2581 V11329
662 2527 705 2579 tot
723 2523 847 2593 pullulat
865 2527 926 2578 atra
946 2524 1075 2579 colubris.

298 2665 317 2720 4
336 2669 487 2737 utrumque
502 2683 597 2722 sexum
608 2670 657 2722 Bu
667 2669 716 2721 Ha
731 2685 792 2722 curn
806 2683 863 2722 noa
877 2670 1060 2740 annumerent
1071 2670 1223 2740 proniorem

206 2738 354 2807 utriusque
373 2755 455 2793 sexus
470 2739 588 2808 pendere
606 2757 640 2794 ac
657 2755 718 2794 coes
736 2741 867 2792 naturam
885 2741 1039 2808 repetenda.
1116 2739 1135 2795 b
1155 2741 1181 2794 d.
1192 2757 1223 2808 p.

207 2809 408 2864 transferentes
427 2812 492 2866 cdd.
558 2811 572 2864 7
594 2813 620 2865 d.
629 2829 659 2880 p.
675 2811 850 2864 constituunt
868 2811 932 2866 cdd.
996 2811 1016 2864 9
1034 2809 1175 2879 pollulant
1190 2812 1224 2878 P,

206 2898 256 2934 sm.
271 2881 328 2948 Bu,
347 2883 381 2948 cl.
397 2887 495 2949 55‚13.
586 2882 612 2935 d.
625 2900 653 2950 p.
668 2881 737 2950 pull.
753 2883 817 2937 odd.
919 2882 957 2936 10
979 2883 1083 2937 bonum
1098 2884 1132 2948 P,
1150 2883 1224 2937 ande

207 2952 312 3006 bovum
326 2954 384 3017 Ha,
399 2961 430 3010 at
442 2955 477 3020 ef.
493 2957 538 3020 30,
547 2958 592 3008 20.
667 2953 704 3006 le
723 2955 888 3009 (ΥΝΛΕΞΙΕ
903 2955 937 3020 P,
950 2971 975 3008 o.
985 2956 1076 3023 praef.
1091 2953 1111 3025 ἕ
1126 2959 1151 3009 6.

208 3021 246 3077 14
260 3023 346 3078 mitra
359 3026 393 3079 P.
459 3024 496 3078 16
515 3025 542 3078 d.
552 3042 582 3094 p.
598 3025 717 3079 demersi
732 3025 796 3080 add.
857 3040 924 3079 vore
938 3042 1000 3079 scm
1013 3027 1107 3079 ironia
1121 3026 1224 3080 dinam

206 3096 318 3150 minnan
331 3097 509 3162 mutandum
526 3096 571 3141 ‘=
586 3097 670 3156 iustc'
687 3097 733 3151 Kr
746 3098 777 3151 cl.
790 3097 843 3152 Oic.
855 3099 937 3151 Brut.
949 3100 1010 3150 145.
1020 3100 1085 3152 226.
1107 3097 1223 3166 Quintil.

207 3168 229 3220 I
239 3170 315 3233 5,18
334 3169 427 3236 (caeca
437 3167 488 3235 Fl,
503 3167 565 3220 dira
576 3170 633 3234 Ba,
652 3183 781 3236 perversa
794 3170 834 3222 vel
848 3184 921 3221 vana
934 3168 985 3221 Ha
998 3169 1087 3234 ct-26,
1097 3172 1151 3236 21).

208 3237 243 3293 17
260 3238 433 3305 barbaricae,
447 3257 471 3293 s.
483 3240 574 3308 praes.
589 3238 609 3309 §
624 3243 649 3292 6,
723 3238 761 3292 1s
781 3238 975 3312 (sacrificari)
990 3239 1055 3294 cdd.
1065 3241 1112 3305 Pl,
1123 3239 1224 3312 <sacre

207 3308 268 3364 fieri
285 3308 364 3381 ritu>
374 3312 432 3378 Ba,
447 3327 531 3364 ¹sacra
548 3309 609 3363 fieri
624 3309 669 3364 St.
741 3309 779 3363 23
798 3310 936 3378 serviatis,
950 3329 974 3365 o.
989 3310 1027 3366 St
1040 3317 1066 3366 et
1080 3312 1147 3366 ΒΜ
1157 3314 1223 3366 278.

299 3451 336 3505 io
351 3454 441 3508 Mate.
452 3450 670 3508 nxxtfm'r
681 3457 717 3508 33
730 3468 862 3520 pecorum
876 3413 1037 3506 abactores.
1077 3451 1114 3505 rs
1131 3453 1221 3507 Mart.

207 3525 318 3588 2co,17
335 3523 513 3578 infelicitatis
528 3523 658 3592 squalore
673 3523 821 3589 demersos,
835 3523 870 3588 cf.
881 3523 992 3578 LVIII
995 3521 1007 3549 ⁰
1017 3525 1038 3577 I
1048 3527 1091 3578 19.
1113 3521 1223 3577 LXH’

207 3594 282 3648 124.
304 3595 355 3648 Mo
370 3598 413 3648 19.
487 3595 525 3648 1c
544 3597 579 3662 cf.
594 3598 669 3661 ras
687 3600 713 3649 et
731 3598 775 3661 61,
784 3597 829 3648 21.
