<?xml version="1.0" encoding="UTF-8"?>
<!DOCTYPE html PUBLIC "-//W3C//DTD XHTML 1.0 Transitional//EN"
    "http://www.w3.org/TR/xhtml1/DTD/xhtml1-transitional.dtd">
<html xmlns="http://www.w3.org/1999/xhtml" xml:lang="en" lang="en">
 <head>
  <title>
</title>
<meta http-equiv="Content-Type" content="text/html;charset=utf-8" />
  <meta name='ocr-system' content='tesseract 3.04.00' />
  <meta name='ocr-capabilities' content='ocr_page ocr_carea ocr_par ocr_line ocrx_word'/>
</head>
<body>
  <div class='ocr_page' id='page_1' title='image "./iulifirmicimate01zieggoog_0119.png"; bbox 0 0 2684 4062; ppageno 0'>
   <div class='ocr_carea' id='block_1_1' title="bbox 219 203 890 266">
    <p class='ocr_par' dir='ltr' id='par_1_1' title="bbox 219 203 890 266">
     <span class='ocr_line' id='line_1_1' title="bbox 219 203 890 266; baseline 0.003 -10"><span class='ocrx_word' id='word_1_1' title='bbox 219 203 263 266; x_wconf 77' lang='grc'><strong>64</strong></span> <span class='ocrx_word' id='word_1_2' title='bbox 565 203 704 259; x_wconf 70' lang='lat' dir='ltr'><strong>minc]</strong></span> <span class='ocrx_word' id='word_1_3' title='bbox 720 203 890 259; x_wconf 74' lang='lat' dir='ltr'><strong>nuruum</strong></span> 
     </span>
    </p>
   </div>
   <div class='ocr_carea' id='block_1_2' title="bbox 78 371 1284 2678">
    <p class='ocr_par' dir='ltr' id='par_1_2' title="bbox 78 371 1284 2678">
     <span class='ocr_line' id='line_1_2' title="bbox 218 371 1236 450; baseline 0.002 -20"><span class='ocrx_word' id='word_1_4' title='bbox 218 372 355 450; x_wconf 87' lang='lat' dir='ltr'><strong>primus</strong></span> <span class='ocrx_word' id='word_1_5' title='bbox 384 374 419 430; x_wconf 88' lang='lat' dir='ltr'><strong>et</strong></span> <span class='ocrx_word' id='word_1_6' title='bbox 445 371 664 432; x_wconf 83' lang='lat' dir='ltr'><strong>novissimus</strong></span> <span class='ocrx_word' id='word_1_7' title='bbox 693 375 868 447; x_wconf 74' lang='lat' dir='ltr'><strong>otuinus,</strong></span> <span class='ocrx_word' id='word_1_8' title='bbox 895 373 954 449; x_wconf 90' lang='lat' dir='ltr'><strong>qui</strong></span> <span class='ocrx_word' id='word_1_9' title='bbox 983 374 1122 433; x_wconf 85' lang='lat' dir='ltr'><strong>fueram</strong></span> <span class='ocrx_word' id='word_1_10' title='bbox 1144 393 1236 432; x_wconf 90' lang='lat' dir='ltr'><strong>mor·</strong></span> 
     </span>
     <span class='ocr_line' id='line_1_3' title="bbox 219 462 1237 522; baseline 0.003 -3"><span class='ocrx_word' id='word_1_11' title='bbox 219 465 302 519; x_wconf 86' lang='lat' dir='ltr'><strong>tuus</strong></span> <span class='ocrx_word' id='word_1_12' title='bbox 334 464 370 520; x_wconf 86' lang='lat' dir='ltr'><strong>et</strong></span> <span class='ocrx_word' id='word_1_13' title='bbox 402 479 481 520; x_wconf 91' lang='lat' dir='ltr'><strong>acce</strong></span> <span class='ocrx_word' id='word_1_14' title='bbox 513 479 587 520; x_wconf 89' lang='lat' dir='ltr'><strong>sum</strong></span> <span class='ocrx_word' id='word_1_15' title='bbox 615 462 740 522; x_wconf 82' lang='lat' dir='ltr'><strong>vivens</strong></span> <span class='ocrx_word' id='word_1_16' title='bbox 772 462 807 519; x_wconf 89' lang='lat' dir='ltr'><strong>in</strong></span> <span class='ocrx_word' id='word_1_17' title='bbox 835 463 980 522; x_wconf 82' lang='lat' dir='ltr'><strong>saecule</strong></span> <span class='ocrx_word' id='word_1_18' title='bbox 1010 464 1237 522; x_wconf 80' lang='lat' dir='ltr'><strong>soeculorum</strong></span> 
     </span>
     <span class='ocr_line' id='line_1_4' title="bbox 183 547 1235 612; baseline 0.005 -6"><span class='ocrx_word' id='word_1_19' title='bbox 183 553 255 608; x_wconf 86' lang='lat' dir='ltr'><strong>8et</strong></span> <span class='ocrx_word' id='word_1_20' title='bbox 277 550 389 610; x_wconf 83' lang='lat' dir='ltr'><strong>habeo</strong></span> <span class='ocrx_word' id='word_1_21' title='bbox 413 550 534 610; x_wconf 80' lang='lat' dir='ltr'><strong>claves</strong></span> <span class='ocrx_word' id='word_1_22' title='bbox 556 551 684 612; x_wconf 80' lang='lat' dir='ltr'><strong>mortis</strong></span> <span class='ocrx_word' id='word_1_23' title='bbox 713 553 749 610; x_wconf 90' lang='lat' dir='ltr'><strong>et</strong></span> <span class='ocrx_word' id='word_1_24' title='bbox 775 547 997 610; x_wconf 65' lang='lat' dir='ltr'><strong>inferorum?</strong></span> <span class='ocrx_word' id='word_1_25' title='bbox 1044 553 1117 611; x_wconf 86' lang='lat' dir='ltr'><strong>Post</strong></span> <span class='ocrx_word' id='word_1_26' title='bbox 1138 571 1235 611; x_wconf 90' lang='lat' dir='ltr'><strong>resur·</strong></span> 
     </span>
     <span class='ocr_line' id='line_1_5' title="bbox 219 638 1236 716; baseline 0.002 -18"><span class='ocrx_word' id='word_1_27' title='bbox 219 638 381 698; x_wconf 89' lang='lat' dir='ltr'><strong>rectionem</strong></span> <span class='ocrx_word' id='word_1_28' title='bbox 403 639 495 698; x_wconf 85' lang='lat' dir='ltr'><strong>etiam</strong></span> <span class='ocrx_word' id='word_1_29' title='bbox 518 659 585 698; x_wconf 89' lang='lat' dir='ltr'><strong>cum</strong></span> <span class='ocrx_word' id='word_1_30' title='bbox 609 639 763 715; x_wconf 79' lang='lat' dir='ltr'><strong>discipulis</strong></span> <span class='ocrx_word' id='word_1_31' title='bbox 787 640 847 700; x_wconf 86' lang='lat' dir='ltr'><strong>suis</strong></span> <span class='ocrx_word' id='word_1_32' title='bbox 871 640 957 700; x_wconf 84' lang='lat' dir='ltr'><strong>duret</strong></span> <span class='ocrx_word' id='word_1_33' title='bbox 980 642 1061 701; x_wconf 82' lang='lat' dir='ltr'><strong>certe</strong></span> <span class='ocrx_word' id='word_1_34' title='bbox 1084 641 1236 716; x_wconf 76' lang='lat' dir='ltr'><strong>mandata,</strong></span> 
     </span>
     <span class='ocr_line' id='line_1_6' title="bbox 219 725 1279 807; baseline 0.008 -21"><span class='ocrx_word' id='word_1_35' title='bbox 219 727 425 788; x_wconf 72' lang='lat' dir='ltr'><strong>inmortalium</strong></span> <span class='ocrx_word' id='word_1_36' title='bbox 455 725 671 788; x_wconf 58' lang='lat' dir='ltr'><strong>&#39;mandatorum</strong></span> <span class='ocrx_word' id='word_1_37' title='bbox 708 729 842 788; x_wconf 84' lang='lat' dir='ltr'><strong>ordinem</strong></span> <span class='ocrx_word' id='word_1_38' title='bbox 877 731 938 789; x_wconf 84' lang='lat' dir='ltr'><strong>isto</strong></span> <span class='ocrx_word' id='word_1_39' title='bbox 974 730 1038 807; x_wconf 86' lang='lat' dir='ltr'><strong>lege</strong></span> <span class='ocrx_word' id='word_1_40' title='bbox 1076 729 1236 790; x_wconf 87' lang='lat' dir='ltr'><strong>conclusit:</strong></span> <span class='ocrx_word' id='word_1_41' title='bbox 1266 753 1279 794; x_wconf 80' lang='lat' dir='ltr'><strong>s</strong></span> 
     </span>
     <span class='ocr_line' id='line_1_7' title="bbox 220 811 1236 894; baseline 0 -18"><span class='ocrx_word' id='word_1_42' title='bbox 220 811 325 876; x_wconf 75' lang='lat' dir='ltr'><strong>‘Data</strong></span> <span class='ocrx_word' id='word_1_43' title='bbox 361 819 415 877; x_wconf 88' lang='lat' dir='ltr'><strong>est</strong></span> <span class='ocrx_word' id='word_1_44' title='bbox 451 818 536 875; x_wconf 89' lang='lat' dir='ltr'><strong>mibi</strong></span> <span class='ocrx_word' id='word_1_45' title='bbox 575 817 688 878; x_wconf 84' lang='lat' dir='ltr'><strong>omnis</strong></span> <span class='ocrx_word' id='word_1_46' title='bbox 725 821 889 894; x_wconf 87' lang='lat' dir='ltr'><strong>potestas</strong></span> <span class='ocrx_word' id='word_1_47' title='bbox 926 819 962 878; x_wconf 86' lang='lat' dir='ltr'><strong>in</strong></span> <span class='ocrx_word' id='word_1_48' title='bbox 995 819 1094 878; x_wconf 87' lang='lat' dir='ltr'><strong>eaelo</strong></span> <span class='ocrx_word' id='word_1_49' title='bbox 1131 822 1168 878; x_wconf 90' lang='lat' dir='ltr'><strong>at</strong></span> <span class='ocrx_word' id='word_1_50' title='bbox 1199 819 1236 877; x_wconf 91' lang='lat' dir='ltr'><strong>in</strong></span> 
     </span>
     <span class='ocr_line' id='line_1_8' title="bbox 218 907 1236 985; baseline 0.002 -21"><span class='ocrx_word' id='word_1_51' title='bbox 218 907 330 965; x_wconf 86' lang='lat' dir='ltr'><strong>terra:</strong></span> <span class='ocrx_word' id='word_1_52' title='bbox 362 907 412 964; x_wconf 91' lang='lat' dir='ltr'><strong>ite</strong></span> <span class='ocrx_word' id='word_1_53' title='bbox 446 925 529 985; x_wconf 81' lang='lat' dir='ltr'><strong>ergo</strong></span> <span class='ocrx_word' id='word_1_54' title='bbox 563 910 598 965; x_wconf 90' lang='lat' dir='ltr'><strong>et</strong></span> <span class='ocrx_word' id='word_1_55' title='bbox 630 908 758 967; x_wconf 90' lang='lat' dir='ltr'><strong>docete</strong></span> <span class='ocrx_word' id='word_1_56' title='bbox 790 911 917 985; x_wconf 81' lang='lat' dir='ltr'><strong>gentes</strong></span> <span class='ocrx_word' id='word_1_57' title='bbox 949 927 1084 983; x_wconf 84' lang='lat' dir='ltr'><strong>omnes,</strong></span> <span class='ocrx_word' id='word_1_58' title='bbox 1115 908 1236 984; x_wconf 84' lang='lat' dir='ltr'><strong>bapti-</strong></span> 
     </span>
     <span class='ocr_line' id='line_1_9' title="bbox 148 997 1236 1074; baseline -0.004 -15"><span class='ocrx_word' id='word_1_59' title='bbox 148 997 344 1068; x_wconf 62' lang='lat' dir='ltr'><strong>(mnantes</strong></span> <span class='ocrx_word' id='word_1_60' title='bbox 367 1013 425 1055; x_wconf 91' lang='lat' dir='ltr'><strong>eos</strong></span> <span class='ocrx_word' id='word_1_61' title='bbox 457 997 493 1053; x_wconf 91' lang='lat' dir='ltr'><strong>in</strong></span> <span class='ocrx_word' id='word_1_62' title='bbox 525 998 666 1054; x_wconf 90' lang='lat' dir='ltr'><strong>nomine</strong></span> <span class='ocrx_word' id='word_1_63' title='bbox 695 998 812 1072; x_wconf 81' lang='lat' dir='ltr'><strong>petris</strong></span> <span class='ocrx_word' id='word_1_64' title='bbox 845 999 879 1056; x_wconf 87' lang='lat' dir='ltr'><strong>et</strong></span> <span class='ocrx_word' id='word_1_65' title='bbox 906 998 982 1056; x_wconf 86' lang='lat' dir='ltr'><strong>filii</strong></span> <span class='ocrx_word' id='word_1_66' title='bbox 1013 1001 1048 1056; x_wconf 91' lang='lat' dir='ltr'><strong>et</strong></span> <span class='ocrx_word' id='word_1_67' title='bbox 1080 999 1236 1074; x_wconf 84' lang='lat' dir='ltr'><strong>spiritus</strong></span> 
     </span>
     <span class='ocr_line' id='line_1_10' title="bbox 221 1085 1237 1162; baseline 0 -18"><span class='ocrx_word' id='word_1_68' title='bbox 221 1085 352 1159; x_wconf 86' lang='lat' dir='ltr'><strong>sancti,</strong></span> <span class='ocrx_word' id='word_1_69' title='bbox 385 1085 553 1145; x_wconf 83' lang='lat' dir='ltr'><strong>docentes</strong></span> <span class='ocrx_word' id='word_1_70' title='bbox 586 1104 644 1144; x_wconf 89' lang='lat' dir='ltr'><strong>eos</strong></span> <span class='ocrx_word' id='word_1_71' title='bbox 678 1085 871 1145; x_wconf 80' lang='lat' dir='ltr'><strong>observare</strong></span> <span class='ocrx_word' id='word_1_72' title='bbox 904 1089 1021 1145; x_wconf 82' lang='lat' dir='ltr'><strong>omnin</strong></span> <span class='ocrx_word' id='word_1_73' title='bbox 1045 1105 1237 1162; x_wconf 77' lang='lat' dir='ltr'><strong>quaecum-</strong></span> 
     </span>
     <span class='ocr_line' id='line_1_11' title="bbox 221 1168 1282 1251; baseline 0.002 -20"><span class='ocrx_word' id='word_1_74' title='bbox 221 1192 286 1248; x_wconf 92' lang='lat' dir='ltr'><strong>que</strong></span> <span class='ocrx_word' id='word_1_75' title='bbox 310 1175 478 1251; x_wconf 83' lang='lat' dir='ltr'><strong>praecepi</strong></span> <span class='ocrx_word' id='word_1_76' title='bbox 509 1168 634 1233; x_wconf 83' lang='lat' dir='ltr'><strong>vobis&#39;</strong></span> <span class='ocrx_word' id='word_1_77' title='bbox 680 1173 765 1243; x_wconf 80' lang='lat' dir='ltr'><strong>Quod</strong></span> <span class='ocrx_word' id='word_1_78' title='bbox 793 1179 893 1234; x_wconf 87' lang='lat' dir='ltr'><strong>eutem</strong></span> <span class='ocrx_word' id='word_1_79' title='bbox 921 1174 993 1234; x_wconf 85' lang='lat' dir='ltr'><strong>deus</strong></span> <span class='ocrx_word' id='word_1_80' title='bbox 1025 1178 1112 1250; x_wconf 85' lang='lat' dir='ltr'><strong>peter</strong></span> <span class='ocrx_word' id='word_1_81' title='bbox 1142 1176 1237 1251; x_wconf 86' lang='lat' dir='ltr'><strong>parti·</strong></span> <span class='ocrx_word' id='word_1_82' title='bbox 1253 1201 1282 1240; x_wconf 87' lang='lat'><strong>10</strong></span> 
     </span>
     <span class='ocr_line' id='line_1_12' title="bbox 220 1263 1237 1340; baseline 0.003 -20"><span class='ocrx_word' id='word_1_83' title='bbox 220 1263 316 1338; x_wconf 87' lang='lat' dir='ltr'><strong>cipem</strong></span> <span class='ocrx_word' id='word_1_84' title='bbox 353 1281 420 1321; x_wconf 89' lang='lat' dir='ltr'><strong>eum</strong></span> <span class='ocrx_word' id='word_1_85' title='bbox 456 1265 542 1339; x_wconf 84' lang='lat' dir='ltr'><strong>regni</strong></span> <span class='ocrx_word' id='word_1_86' title='bbox 573 1264 702 1323; x_wconf 77' lang='lat' dir='ltr'><strong>faciens·</strong></span> <span class='ocrx_word' id='word_1_87' title='bbox 730 1265 841 1340; x_wconf 75' lang='lat' dir='ltr'><strong>regulis</strong></span> <span class='ocrx_word' id='word_1_88' title='bbox 873 1264 964 1324; x_wconf 85' lang='lat' dir='ltr'><strong>sellae</strong></span> <span class='ocrx_word' id='word_1_89' title='bbox 997 1267 1026 1323; x_wconf 93' lang='lat' dir='ltr'><strong>ei</strong></span> <span class='ocrx_word' id='word_1_90' title='bbox 1058 1265 1237 1323; x_wconf 78' lang='lat' dir='ltr'><strong>concesserit</strong></span> 
     </span>
     <span class='ocr_line' id='line_1_13' title="bbox 220 1347 1236 1428; baseline 0.002 -18"><span class='ocrx_word' id='word_1_91' title='bbox 220 1351 312 1428; x_wconf 86' lang='lat' dir='ltr'><strong>sedes,</strong></span> <span class='ocrx_word' id='word_1_92' title='bbox 344 1352 400 1410; x_wconf 92' lang='lat' dir='ltr'><strong>boc</strong></span> <span class='ocrx_word' id='word_1_93' title='bbox 432 1351 555 1412; x_wconf 88' lang='lat' dir='ltr'><strong>docetur</strong></span> <span class='ocrx_word' id='word_1_94' title='bbox 586 1352 720 1411; x_wconf 86' lang='lat' dir='ltr'><strong>oraculo:</strong></span> <span class='ocrx_word' id='word_1_95' title='bbox 753 1347 865 1413; x_wconf 83' lang='lat' dir='ltr'><strong>‘Dicit</strong></span> <span class='ocrx_word' id='word_1_96' title='bbox 896 1352 1060 1413; x_wconf 88' lang='lat' dir='ltr'><strong>dominus</strong></span> <span class='ocrx_word' id='word_1_97' title='bbox 1092 1353 1236 1412; x_wconf 89' lang='lat' dir='ltr'><strong>domino</strong></span> 
     </span>
     <span class='ocr_line' id='line_1_14' title="bbox 219 1441 1237 1520; baseline 0.003 -22"><span class='ocrx_word' id='word_1_98' title='bbox 219 1459 310 1499; x_wconf 89' lang='lat' dir='ltr'><strong>meo:</strong></span> <span class='ocrx_word' id='word_1_99' title='bbox 352 1442 432 1500; x_wconf 88' lang='lat' dir='ltr'><strong>sede</strong></span> <span class='ocrx_word' id='word_1_100' title='bbox 470 1460 488 1500; x_wconf 85' lang='lat' dir='ltr'><strong>a</strong></span> <span class='ocrx_word' id='word_1_101' title='bbox 530 1441 667 1500; x_wconf 79' lang='lat' dir='ltr'><strong>dextris</strong></span> <span class='ocrx_word' id='word_1_102' title='bbox 708 1444 794 1502; x_wconf 85' lang='lat' dir='ltr'><strong>meis</strong></span> <span class='ocrx_word' id='word_1_103' title='bbox 832 1442 1067 1519; x_wconf 77' lang='lat' dir='ltr'><strong>quoadusque</strong></span> <span class='ocrx_word' id='word_1_104' title='bbox 1108 1462 1237 1520; x_wconf 86' lang='lat' dir='ltr'><strong>ponam</strong></span> 
     </span>
     <span class='ocr_line' id='line_1_15' title="bbox 220 1531 1236 1608; baseline 0.004 -22"><span class='ocrx_word' id='word_1_105' title='bbox 220 1531 387 1590; x_wconf 87' lang='lat' dir='ltr'><strong>inimicos</strong></span> <span class='ocrx_word' id='word_1_106' title='bbox 433 1531 513 1589; x_wconf 82' lang='lat' dir='ltr'><strong>tuos</strong></span> <span class='ocrx_word' id='word_1_107' title='bbox 559 1531 871 1608; x_wconf 77' lang='lat' dir='ltr'><strong>subpedaneum</strong></span> <span class='ocrx_word' id='word_1_108' title='bbox 916 1532 1043 1607; x_wconf 91' lang='lat' dir='ltr'><strong>pedum</strong></span> <span class='ocrx_word' id='word_1_109' title='bbox 1083 1535 1236 1592; x_wconf 90' lang='lat' dir='ltr'><strong>tuorum.</strong></span> 
     </span>
     <span class='ocr_line' id='line_1_16' title="bbox 219 1618 1281 1697; baseline 0.008 -21"><span class='ocrx_word' id='word_1_110' title='bbox 219 1618 367 1697; x_wconf 84' lang='lat' dir='ltr'><strong>Virgam</strong></span> <span class='ocrx_word' id='word_1_111' title='bbox 403 1619 554 1678; x_wconf 88' lang='lat' dir='ltr'><strong>virtutis</strong></span> <span class='ocrx_word' id='word_1_112' title='bbox 595 1623 678 1679; x_wconf 83' lang='lat' dir='ltr'><strong>tues</strong></span> <span class='ocrx_word' id='word_1_113' title='bbox 719 1623 842 1680; x_wconf 89' lang='lat' dir='ltr'><strong>mittet</strong></span> <span class='ocrx_word' id='word_1_114' title='bbox 886 1621 1048 1680; x_wconf 88' lang='lat' dir='ltr'><strong>dominus</strong></span> <span class='ocrx_word' id='word_1_115' title='bbox 1091 1640 1109 1680; x_wconf 86' lang='lat' dir='ltr'><strong>a</strong></span> <span class='ocrx_word' id='word_1_116' title='bbox 1151 1620 1281 1685; x_wconf 79' lang='lat' dir='ltr'><strong>Sionis</strong></span> 
     </span>
     <span class='ocr_line' id='line_1_17' title="bbox 220 1708 1237 1770; baseline 0.001 -4"><span class='ocrx_word' id='word_1_117' title='bbox 220 1711 255 1766; x_wconf 85' lang='lat' dir='ltr'><strong>et</strong></span> <span class='ocrx_word' id='word_1_118' title='bbox 296 1708 538 1767; x_wconf 80' lang='lat' dir='ltr'><strong>dominaberis</strong></span> <span class='ocrx_word' id='word_1_119' title='bbox 578 1709 615 1767; x_wconf 91' lang='lat' dir='ltr'><strong>in</strong></span> <span class='ocrx_word' id='word_1_120' title='bbox 656 1710 772 1768; x_wconf 88' lang='lat' dir='ltr'><strong>medio</strong></span> <span class='ocrx_word' id='word_1_121' title='bbox 813 1709 1043 1770; x_wconf 87' lang='lat' dir='ltr'><strong>inimicorum</strong></span> <span class='ocrx_word' id='word_1_122' title='bbox 1080 1714 1237 1769; x_wconf 86' lang='lat' dir='ltr'><strong>tuorum.</strong></span> 
     </span>
     <span class='ocr_line' id='line_1_18' title="bbox 220 1798 1237 1872; baseline 0.001 -16"><span class='ocrx_word' id='word_1_123' title='bbox 220 1798 347 1856; x_wconf 89' lang='lat' dir='ltr'><strong>Tecum</strong></span> <span class='ocrx_word' id='word_1_124' title='bbox 376 1799 597 1872; x_wconf 89' lang='lat' dir='ltr'><strong>principium</strong></span> <span class='ocrx_word' id='word_1_125' title='bbox 629 1800 665 1856; x_wconf 86' lang='lat' dir='ltr'><strong>in</strong></span> <span class='ocrx_word' id='word_1_126' title='bbox 696 1799 752 1857; x_wconf 91' lang='lat' dir='ltr'><strong>die</strong></span> <span class='ocrx_word' id='word_1_127' title='bbox 780 1799 932 1858; x_wconf 86' lang='lat' dir='ltr'><strong>virtutis</strong></span> <span class='ocrx_word' id='word_1_128' title='bbox 960 1802 1043 1859; x_wconf 81' lang='lat' dir='ltr'><strong>tuae</strong></span> <span class='ocrx_word' id='word_1_129' title='bbox 1066 1801 1103 1857; x_wconf 87' lang='lat' dir='ltr'><strong>in</strong></span> <span class='ocrx_word' id='word_1_130' title='bbox 1126 1800 1237 1858; x_wconf 87' lang='lat' dir='ltr'><strong>clari-</strong></span> 
     </span>
     <span class='ocr_line' id='line_1_19' title="bbox 216 1888 1236 1965; baseline 0.001 -19"><span class='ocrx_word' id='word_1_131' title='bbox 216 1889 298 1946; x_wconf 85' lang='lat' dir='ltr'><strong>tate</strong></span> <span class='ocrx_word' id='word_1_132' title='bbox 321 1889 543 1948; x_wconf 85' lang='lat' dir='ltr'><strong>sanctorum:</strong></span> <span class='ocrx_word' id='word_1_133' title='bbox 568 1905 607 1945; x_wconf 85' lang='lat' dir='ltr'><strong>ex</strong></span> <span class='ocrx_word' id='word_1_134' title='bbox 629 1890 732 1946; x_wconf 89' lang='lat' dir='ltr'><strong>utero</strong></span> <span class='ocrx_word' id='word_1_135' title='bbox 752 1891 833 1947; x_wconf 87' lang='lat' dir='ltr'><strong>ante</strong></span> <span class='ocrx_word' id='word_1_136' title='bbox 852 1888 1047 1948; x_wconf 86' lang='lat' dir='ltr'><strong>luciferum</strong></span> <span class='ocrx_word' id='word_1_137' title='bbox 1066 1890 1174 1965; x_wconf 83' lang='lat' dir='ltr'><strong>genui</strong></span> <span class='ocrx_word' id='word_1_138' title='bbox 1191 1891 1236 1948; x_wconf 89' lang='lat' dir='ltr'><strong>te.</strong></span> 
     </span>
     <span class='ocr_line' id='line_1_20' title="bbox 78 1971 1239 2058; baseline 0.005 -28"><span class='ocrx_word' id='word_1_139' title='bbox 78 1975 364 2039; x_wconf 75' lang='lat' dir='ltr'><strong>sunvsiuravic</strong></span> <span class='ocrx_word' id='word_1_140' title='bbox 401 1975 563 2034; x_wconf 86' lang='lat' dir='ltr'><strong>domiuus</strong></span> <span class='ocrx_word' id='word_1_141' title='bbox 601 1995 663 2038; x_wconf 88' lang='lat' dir='ltr'><strong>nec</strong></span> <span class='ocrx_word' id='word_1_142' title='bbox 699 1977 905 2052; x_wconf 80' lang='lat' dir='ltr'><strong>poenitebit</strong></span> <span class='ocrx_word' id='word_1_143' title='bbox 942 1971 1039 2038; x_wconf 61' lang='lat' dir='ltr'><strong>eum?</strong></span> <span class='ocrx_word' id='word_1_144' title='bbox 1060 1971 1064 2058; x_wconf 77' lang='grc' dir='ltr'>Ι</span> <span class='ocrx_word' id='word_1_145' title='bbox 1090 1979 1130 2036; x_wconf 89' lang='lat' dir='ltr'><strong>Hi</strong></span> <span class='ocrx_word' id='word_1_146' title='bbox 1167 1981 1239 2036; x_wconf 85' lang='lat' dir='ltr'><strong>sunt</strong></span> 
     </span>
     <span class='ocr_line' id='line_1_21' title="bbox 219 2064 1284 2142; baseline 0.002 -20"><span class='ocrx_word' id='word_1_147' title='bbox 219 2064 334 2122; x_wconf 88' lang='lat' dir='ltr'><strong>inimici</strong></span> <span class='ocrx_word' id='word_1_148' title='bbox 352 2064 408 2138; x_wconf 89' lang='lat' dir='ltr'><strong>dei,</strong></span> <span class='ocrx_word' id='word_1_149' title='bbox 430 2064 625 2125; x_wconf 85' lang='lat' dir='ltr'><strong>sacratissimi</strong></span> <span class='ocrx_word' id='word_1_150' title='bbox 646 2067 851 2142; x_wconf 81' lang='lat' dir='ltr'><strong>imperatores,</strong></span> <span class='ocrx_word' id='word_1_151' title='bbox 870 2068 922 2142; x_wconf 92' lang='lat' dir='ltr'><strong>qui</strong></span> <span class='ocrx_word' id='word_1_152' title='bbox 942 2069 1078 2126; x_wconf 83' lang='lat' dir='ltr'><strong>veritatis</strong></span> <span class='ocrx_word' id='word_1_153' title='bbox 1102 2066 1238 2125; x_wconf 85' lang='lat' dir='ltr'><strong>ordinem</strong></span> <span class='ocrx_word' id='word_1_154' title='bbox 1253 2091 1284 2130; x_wconf 69' lang='grc' dir='ltr'>ιο</span> 
     </span>
     <span class='ocr_line' id='line_1_22' title="bbox 220 2153 1238 2237; baseline 0.003 -26"><span class='ocrx_word' id='word_1_155' title='bbox 220 2153 373 2212; x_wconf 84' lang='lat' dir='ltr'><strong>contraria</strong></span> <span class='ocrx_word' id='word_1_156' title='bbox 401 2154 467 2230; x_wconf 78' lang='lat' dir='ltr'><strong>lege</strong></span> <span class='ocrx_word' id='word_1_157' title='bbox 499 2154 688 2230; x_wconf 76' lang='lat' dir='ltr'><strong>conturbent,</strong></span> <span class='ocrx_word' id='word_1_158' title='bbox 721 2157 773 2229; x_wconf 93' lang='lat' dir='ltr'><strong>qui</strong></span> <span class='ocrx_word' id='word_1_159' title='bbox 805 2175 961 2230; x_wconf 77' lang='lat' dir='ltr'><strong>perversae</strong></span> <span class='ocrx_word' id='word_1_160' title='bbox 989 2157 1163 2237; x_wconf 79' lang='lat' dir='ltr'><strong>cupiditatis</strong></span> <span class='ocrx_word' id='word_1_161' title='bbox 1190 2157 1238 2214; x_wconf 91' lang='lat' dir='ltr'><strong>in·</strong></span> 
     </span>
     <span class='ocr_line' id='line_1_23' title="bbox 220 2242 1238 2321; baseline 0.003 -19"><span class='ocrx_word' id='word_1_162' title='bbox 220 2242 333 2302; x_wconf 87' lang='lat' dir='ltr'><strong>stinctu</strong></span> <span class='ocrx_word' id='word_1_163' title='bbox 364 2243 511 2319; x_wconf 85' lang='lat' dir='ltr'><strong>sacrilega</strong></span> <span class='ocrx_word' id='word_1_164' title='bbox 538 2246 610 2302; x_wconf 83' lang='lat' dir='ltr'><strong>vote</strong></span> <span class='ocrx_word' id='word_1_165' title='bbox 646 2246 827 2320; x_wconf 88' lang='lat' dir='ltr'><strong>concipiunt,</strong></span> <span class='ocrx_word' id='word_1_166' title='bbox 859 2246 911 2321; x_wconf 89' lang='lat' dir='ltr'><strong>qui</strong></span> <span class='ocrx_word' id='word_1_167' title='bbox 948 2246 1090 2320; x_wconf 83' lang='lat' dir='ltr'><strong>profanae</strong></span> <span class='ocrx_word' id='word_1_168' title='bbox 1126 2246 1238 2305; x_wconf 87' lang='lat' dir='ltr'><strong>mentis</strong></span> 
     </span>
     <span class='ocr_line' id='line_1_24' title="bbox 219 2333 1239 2410; baseline 0.002 -20"><span class='ocrx_word' id='word_1_169' title='bbox 219 2333 336 2391; x_wconf 84' lang='lat' dir='ltr'><strong>furore·</strong></span> <span class='ocrx_word' id='word_1_170' title='bbox 361 2335 415 2390; x_wconf 86' lang='lat' dir='ltr'><strong>aut</strong></span> <span class='ocrx_word' id='word_1_171' title='bbox 442 2333 558 2409; x_wconf 82' lang='lat' dir='ltr'><strong>lignum</strong></span> <span class='ocrx_word' id='word_1_172' title='bbox 586 2351 702 2409; x_wconf 85' lang='lat' dir='ltr'><strong>semper</strong></span> <span class='ocrx_word' id='word_1_173' title='bbox 729 2337 909 2392; x_wconf 85' lang='lat' dir='ltr'><strong>venerentur</strong></span> <span class='ocrx_word' id='word_1_174' title='bbox 939 2338 992 2394; x_wconf 86' lang='lat' dir='ltr'><strong>aut</strong></span> <span class='ocrx_word' id='word_1_175' title='bbox 1015 2334 1153 2410; x_wconf 76' lang='lat' dir='ltr'><strong>lapidem.</strong></span> <span class='ocrx_word' id='word_1_176' title='bbox 1199 2333 1239 2392; x_wconf 85' lang='lat' dir='ltr'><strong>In</strong></span> 
     </span>
     <span class='ocr_line' id='line_1_25' title="bbox 219 2421 1238 2498; baseline 0.001 -17"><span class='ocrx_word' id='word_1_177' title='bbox 219 2423 278 2481; x_wconf 89' lang='lat' dir='ltr'><strong>isto</strong></span> <span class='ocrx_word' id='word_1_178' title='bbox 308 2421 373 2480; x_wconf 90' lang='lat' dir='ltr'><strong>loco</strong></span> <span class='ocrx_word' id='word_1_179' title='bbox 405 2423 497 2498; x_wconf 88' lang='lat' dir='ltr'><strong>positi</strong></span> <span class='ocrx_word' id='word_1_180' title='bbox 529 2421 663 2482; x_wconf 87' lang='lat' dir='ltr'><strong>ordinem</strong></span> <span class='ocrx_word' id='word_1_181' title='bbox 698 2422 836 2482; x_wconf 89' lang='lat' dir='ltr'><strong>debemus</strong></span> <span class='ocrx_word' id='word_1_182' title='bbox 873 2427 994 2483; x_wconf 83' lang='lat' dir='ltr'><strong>sanctae</strong></span> <span class='ocrx_word' id='word_1_183' title='bbox 1031 2422 1238 2498; x_wconf 90' lang='lat' dir='ltr'><strong>dispositionis</strong></span> 
     </span>
     <span class='ocr_line' id='line_1_26' title="bbox 221 2509 1284 2590; baseline 0.007 -22"><span class='ocrx_word' id='word_1_184' title='bbox 221 2509 349 2586; x_wconf 86' lang='lat' dir='ltr'><strong>aperire,</strong></span> <span class='ocrx_word' id='word_1_185' title='bbox 381 2514 415 2569; x_wconf 89' lang='lat' dir='ltr'><strong>ut</strong></span> <span class='ocrx_word' id='word_1_186' title='bbox 447 2511 583 2586; x_wconf 88' lang='lat' dir='ltr'><strong>quicquit</strong></span> <span class='ocrx_word' id='word_1_187' title='bbox 614 2511 700 2570; x_wconf 89' lang='lat' dir='ltr'><strong>nobis</strong></span> <span class='ocrx_word' id='word_1_188' title='bbox 734 2512 984 2590; x_wconf 80' lang='lat' dir='ltr'><strong>investigantibus</strong></span> <span class='ocrx_word' id='word_1_189' title='bbox 1019 2515 1155 2571; x_wconf 87' lang='lat' dir='ltr'><strong>sanctum</strong></span> <span class='ocrx_word' id='word_1_190' title='bbox 1188 2512 1238 2570; x_wconf 90' lang='lat' dir='ltr'><strong>dei</strong></span> <span class='ocrx_word' id='word_1_191' title='bbox 1254 2537 1284 2576; x_wconf 77' lang='lat'><strong>25</strong></span> 
     </span>
     <span class='ocr_line' id='line_1_27' title="bbox 220 2599 1237 2678; baseline 0.001 -19"><span class='ocrx_word' id='word_1_192' title='bbox 220 2599 343 2659; x_wconf 82' lang='lat' dir='ltr'><strong>verbum</strong></span> <span class='ocrx_word' id='word_1_193' title='bbox 366 2600 541 2676; x_wconf 86' lang='lat' dir='ltr'><strong>prophetica</strong></span> <span class='ocrx_word' id='word_1_194' title='bbox 562 2599 690 2660; x_wconf 78' lang='lat' dir='ltr'><strong>tradidit</strong></span> <span class='ocrx_word' id='word_1_195' title='bbox 712 2600 879 2678; x_wconf 83' lang='lat' dir='ltr'><strong>disciplina,</strong></span> <span class='ocrx_word' id='word_1_196' title='bbox 906 2602 944 2660; x_wconf 84' lang='lat' dir='ltr'><strong>ed</strong></span> <span class='ocrx_word' id='word_1_197' title='bbox 967 2601 1143 2661; x_wconf 79' lang='lat' dir='ltr'><strong>refutandas</strong></span> <span class='ocrx_word' id='word_1_198' title='bbox 1166 2619 1237 2676; x_wconf 90' lang='lat' dir='ltr'><strong>pro-</strong></span> 
     </span>
    </p>
   </div>
   <div class='ocr_carea' id='block_1_3' title="bbox 310 2769 985 2838">
    <p class='ocr_par' dir='ltr' id='par_1_3' title="bbox 310 2769 985 2838">
     <span class='ocr_line' id='line_1_28' title="bbox 310 2769 985 2838; baseline 0.006 -16"><span class='ocrx_word' id='word_1_199' title='bbox 310 2769 329 2822; x_wconf 78' lang='lat' dir='ltr'><strong>d</strong></span> <span class='ocrx_word' id='word_1_200' title='bbox 350 2770 450 2824; x_wconf 68' lang='lat' dir='ltr'><strong>March.</strong></span> <span class='ocrx_word' id='word_1_201' title='bbox 465 2773 512 2835; x_wconf 80' lang='lat'><strong>28,</strong></span> <span class='ocrx_word' id='word_1_202' title='bbox 523 2774 639 2825; x_wconf 78' lang='lat'><em>18-20.</em></span> <span class='ocrx_word' id='word_1_203' title='bbox 715 2769 751 2823; x_wconf 85' lang='grc'><strong>12</strong></span> <span class='ocrx_word' id='word_1_204' title='bbox 771 2773 985 2838; x_wconf 73' lang='lat' dir='ltr'><em>Ps.109,1-4</em></span> 
     </span>
    </p>
   </div>
   <div class='ocr_carea' id='block_1_4' title="bbox 218 2927 1238 3285">
    <p class='ocr_par' dir='ltr' id='par_1_4' title="bbox 220 2927 1238 3285">
     <span class='ocr_line' id='line_1_29' title="bbox 311 2927 1238 3000; baseline 0.003 -17"><span class='ocrx_word' id='word_1_205' title='bbox 311 2927 403 2998; x_wconf 73' lang='grc'>41])</span> <span class='ocrx_word' id='word_1_206' title='bbox 405 2929 537 2983; x_wconf 78' lang='lat' dir='ltr'><strong>mandet</strong></span> <span class='ocrx_word' id='word_1_207' title='bbox 525 2931 555 2982; x_wconf 82' lang='lat' dir='ltr'><strong>te</strong></span> <span class='ocrx_word' id='word_1_208' title='bbox 569 2930 633 2983; x_wconf 85' lang='lat' dir='ltr'><strong>odd.</strong></span> <span class='ocrx_word' id='word_1_209' title='bbox 680 2928 822 2984; x_wconf 69' lang='lat' dir='ltr'><strong>bordino</strong></span> <span class='ocrx_word' id='word_1_210' title='bbox 837 2930 936 2987; x_wconf 84' lang='lat' dir='ltr'><strong>IstcP</strong></span> <span class='ocrx_word' id='word_1_211' title='bbox 979 2932 1053 3000; x_wconf 79' lang='lat' dir='ltr'><strong>ddp</strong></span> <span class='ocrx_word' id='word_1_212' title='bbox 1056 2930 1113 2986; x_wconf 91' lang='grc'><strong>11</strong></span> <span class='ocrx_word' id='word_1_213' title='bbox 1129 2930 1238 2986; x_wconf 77' lang='lat' dir='ltr'><strong>faciens</strong></span> 
     </span>
     <span class='ocr_line' id='line_1_30' title="bbox 220 2946 1237 3071; baseline 0.003 -17"><span class='ocrx_word' id='word_1_214' title='bbox 220 3007 247 3054; x_wconf 85' lang='lat' dir='ltr'><strong>ct</strong></span> <span class='ocrx_word' id='word_1_215' title='bbox 265 2999 302 3053; x_wconf 79' lang='lat' dir='ltr'><strong>ld</strong></span> <span class='ocrx_word' id='word_1_216' title='bbox 321 3017 383 3054; x_wconf 88' lang='lat' dir='ltr'><strong>meo</strong></span> <span class='ocrx_word' id='word_1_217' title='bbox 381 2946 467 3055; x_wconf 46' lang='lat' dir='ltr'><strong>dudd</strong></span> <span class='ocrx_word' id='word_1_218' title='bbox 525 3001 560 3054; x_wconf 77' lang='lat' dir='ltr'><strong>lb</strong></span> <span class='ocrx_word' id='word_1_219' title='bbox 579 3001 691 3055; x_wconf 84' lang='lat' dir='ltr'><strong>emittet</strong></span> <span class='ocrx_word' id='word_1_220' title='bbox 709 3018 770 3055; x_wconf 85' lang='lat' dir='ltr'><strong>cum</strong></span> <span class='ocrx_word' id='word_1_221' title='bbox 788 3003 830 3056; x_wconf 83' lang='lat' dir='ltr'><strong>Fl</strong></span> <span class='ocrx_word' id='word_1_222' title='bbox 843 3020 889 3071; x_wconf 68' lang='lat' dir='ltr'><strong>pu</strong></span> <span class='ocrx_word' id='word_1_223' title='bbox 946 3001 983 3055; x_wconf 82' lang='lat' dir='ltr'><strong>ld</strong></span> <span class='ocrx_word' id='word_1_224' title='bbox 999 2949 1187 3056; x_wconf 78' lang='lat' dir='ltr'><strong>dominauerie</strong></span> <span class='ocrx_word' id='word_1_225' title='bbox 1201 3005 1237 3057; x_wconf 88' lang='lat' dir='ltr'><strong>P.</strong></span> 
     </span>
     <span class='ocr_line' id='line_1_31' title="bbox 223 3021 1238 3143; baseline 0.003 -18"><span class='ocrx_word' id='word_1_226' title='bbox 223 3071 259 3125; x_wconf 81' lang='lat'><strong>18</strong></span> <span class='ocrx_word' id='word_1_227' title='bbox 279 3073 305 3125; x_wconf 88' lang='lat' dir='ltr'><strong>d.</strong></span> <span class='ocrx_word' id='word_1_228' title='bbox 321 3078 384 3126; x_wconf 81' lang='lat' dir='ltr'><strong>oute</strong></span> <span class='ocrx_word' id='word_1_229' title='bbox 402 3089 436 3126; x_wconf 85' lang='lat' dir='ltr'><strong>ex</strong></span> <span class='ocrx_word' id='word_1_230' title='bbox 454 3072 518 3126; x_wconf 82' lang='lat' dir='ltr'><strong>add.</strong></span> <span class='ocrx_word' id='word_1_231' title='bbox 575 3070 821 3143; x_wconf 67' lang='lat' dir='ltr'><strong>loppniueuicP.</strong></span> <span class='ocrx_word' id='word_1_232' title='bbox 843 3021 926 3127; x_wconf 63' lang='lat' dir='ltr'><strong>pffii</strong></span> <span class='ocrx_word' id='word_1_233' title='bbox 946 3077 978 3129; x_wconf 93' lang='lat' dir='ltr'><em>P.</em></span> <span class='ocrx_word' id='word_1_234' title='bbox 1033 3073 1238 3144; x_wconf 68' lang='grc'>2011011,</span> 
     </span>
     <span class='ocr_line' id='line_1_32' title="bbox 220 3144 1238 3214; baseline 0.003 -17"><span class='ocrx_word' id='word_1_235' title='bbox 220 3159 255 3197; x_wconf 81' lang='lat' dir='ltr'><strong>nc</strong></span> <span class='ocrx_word' id='word_1_236' title='bbox 273 3144 1002 3214; x_wconf 56' lang='grc' dir='ltr'>4011111921001111111.2211111101οΡ</span> <span class='ocrx_word' id='word_1_237' title='bbox 1095 3145 1133 3200; x_wconf 77' lang='grc'><strong>22</strong></span> <span class='ocrx_word' id='word_1_238' title='bbox 1151 3161 1238 3200; x_wconf 87' lang='lat' dir='ltr'><strong>uene·</strong></span> 
     </span>
     <span class='ocr_line' id='line_1_33' title="bbox 218 3212 895 3285; baseline 0.003 -17.009"><span class='ocrx_word' id='word_1_239' title='bbox 218 3216 326 3268; x_wconf 81' lang='lat' dir='ltr'><strong>rantur.</strong></span> <span class='ocrx_word' id='word_1_240' title='bbox 346 3217 396 3268; x_wconf 77' lang='lat' dir='ltr'><strong>aut</strong></span> <span class='ocrx_word' id='word_1_241' title='bbox 415 3217 447 3269; x_wconf 90' lang='lat' dir='ltr'><em>P.</em></span> <span class='ocrx_word' id='word_1_242' title='bbox 521 3212 559 3267; x_wconf 79' lang='grc'><strong>26</strong></span> <span class='ocrx_word' id='word_1_243' title='bbox 578 3213 604 3267; x_wconf 86' lang='lat' dir='ltr'><strong>d.</strong></span> <span class='ocrx_word' id='word_1_244' title='bbox 617 3231 645 3282; x_wconf 83' lang='lat' dir='ltr'><strong>p.</strong></span> <span class='ocrx_word' id='word_1_245' title='bbox 661 3215 812 3285; x_wconf 82' lang='lat' dir='ltr'><strong>disciplina</strong></span> <span class='ocrx_word' id='word_1_246' title='bbox 831 3217 895 3271; x_wconf 83' lang='lat' dir='ltr'><strong>add.</strong></span> 
     </span>
    </p>
   </div>
   <div class='ocr_carea' id='block_1_5' title="bbox 215 3372 1239 3654">
    <p class='ocr_par' dir='ltr' id='par_1_5' title="bbox 215 3372 1239 3654">
     <span class='ocr_line' id='line_1_34' title="bbox 311 3372 1238 3445; baseline 0.004 -19"><span class='ocrx_word' id='word_1_247' title='bbox 311 3372 403 3442; x_wconf 70' lang='grc'>2001.</span> <span class='ocrx_word' id='word_1_248' title='bbox 418 3377 463 3440; x_wconf 82' lang='grc'><strong>24</strong></span> <span class='ocrx_word' id='word_1_249' title='bbox 474 3379 499 3428; x_wconf 90' lang='grc'><strong><em>9</em></strong></span> <span class='ocrx_word' id='word_1_250' title='bbox 586 3374 621 3428; x_wconf 91' lang='grc'><strong>21</strong></span> <span class='ocrx_word' id='word_1_251' title='bbox 643 3376 734 3430; x_wconf 72' lang='lat' dir='ltr'><strong>Maca.</strong></span> <span class='ocrx_word' id='word_1_252' title='bbox 749 3380 841 3441; x_wconf 86' lang='grc'>88,17</span> <span class='ocrx_word' id='word_1_253' title='bbox 859 3379 1056 3445; x_wconf 82' lang='lat' dir='ltr'><strong>praeposterae</strong></span> <span class='ocrx_word' id='word_1_254' title='bbox 1071 3376 1238 3445; x_wconf 78' lang='lat' dir='ltr'><strong>cupiditatis</strong></span> 
     </span>
     <span class='ocr_line' id='line_1_35' title="bbox 217 3445 1239 3515; baseline 0.003 -16.009"><span class='ocrx_word' id='word_1_255' title='bbox 217 3445 366 3500; x_wconf 87' lang='lat' dir='ltr'><strong>instinctu.</strong></span> <span class='ocrx_word' id='word_1_256' title='bbox 396 3449 458 3512; x_wconf 87' lang='grc'><strong>130,</strong></span> <span class='ocrx_word' id='word_1_257' title='bbox 467 3450 505 3500; x_wconf 81' lang='grc'><strong>28</strong></span> <span class='ocrx_word' id='word_1_258' title='bbox 529 3463 637 3500; x_wconf 80' lang='lat' dir='ltr'><strong>evoro.</strong></span> <span class='ocrx_word' id='word_1_259' title='bbox 650 3446 859 3515; x_wconf 87' lang='lat' dir='ltr'><strong>..cupiditatis</strong></span> <span class='ocrx_word' id='word_1_260' title='bbox 883 3448 1027 3503; x_wconf 86' lang='lat' dir='ltr'><strong>instinctu</strong></span> <span class='ocrx_word' id='word_1_261' title='bbox 1114 3447 1151 3501; x_wconf 81' lang='grc'><strong>22</strong></span> <span class='ocrx_word' id='word_1_262' title='bbox 1170 3450 1239 3502; x_wconf 85' lang='lat' dir='ltr'><strong>vota</strong></span> 
     </span>
     <span class='ocr_line' id='line_1_36' title="bbox 215 3516 1237 3654; baseline 0.006 -86"><span class='ocrx_word' id='word_1_263' title='bbox 215 3516 405 3654; x_wconf 43' lang='lat' dir='ltr'><strong>bdndfflddtr</strong></span> <span class='ocrx_word' id='word_1_264' title='bbox 408 3517 451 3642; x_wconf 70' lang='grc'>501</span> <span class='ocrx_word' id='word_1_265' title='bbox 463 3518 553 3572; x_wconf 76' lang='lat' dir='ltr'><strong>Muto.</strong></span> <span class='ocrx_word' id='word_1_266' title='bbox 562 3523 608 3584; x_wconf 91' lang='grc'><strong>11,</strong></span> <span class='ocrx_word' id='word_1_267' title='bbox 618 3521 643 3572; x_wconf 89' lang='lat'><em>5.</em></span> <span class='ocrx_word' id='word_1_268' title='bbox 657 3522 723 3584; x_wconf 87' lang='grc'><strong><em>205,</em></strong></span> <span class='ocrx_word' id='word_1_269' title='bbox 734 3523 758 3572; x_wconf 82' lang='grc'><strong>7.</strong></span> <span class='ocrx_word' id='word_1_270' title='bbox 774 3517 865 3574; x_wconf 81' lang='lat' dir='ltr'><strong>LVF</strong></span> <span class='ocrx_word' id='word_1_271' title='bbox 873 3522 913 3574; x_wconf 88' lang='lat' dir='ltr'><strong>II</strong></span> <span class='ocrx_word' id='word_1_272' title='bbox 922 3523 967 3574; x_wconf 86' lang='lat'><strong>32.</strong></span> <span class='ocrx_word' id='word_1_273' title='bbox 982 3517 1183 3574; x_wconf 73' lang='lat' dir='ltr'><strong><em>LXXVIFI</em></strong></span> <span class='ocrx_word' id='word_1_274' title='bbox 1192 3524 1237 3574; x_wconf 86' lang='lat'><strong>13.</strong></span> 
     </span>
    </p>
   </div>
   <div class='ocr_carea' id='block_1_6' title="bbox 0 0 1346 4062">
    <p class='ocr_par' dir='ltr' id='par_1_6' title="bbox 0 0 1346 4062">
     <span class='ocr_line' id='line_1_37' title="bbox 0 0 1346 4062; baseline 0 0"><span class='ocrx_word' id='word_1_275' title='bbox 0 0 1346 4062; x_wconf 95' lang='lat' dir='ltr'><strong> </strong></span> 
     </span>
    </p>
   </div>
  </div>
 </body>
</html>
