2698 4068
236 229 311 282 XLII
641 227 847 282 PRAEFATIO

238 398 362 456 tandum
386 400 464 472 5555,
493 416 527 456 55
556 402 634 457 reete
658 399 730 474 quin
753 416 831 456 nuno
860 396 1095 473 suppleverimus
1119 397 1255 472 exhibito,

238 489 288 546 vix
307 486 488 560 dubitamus,
512 489 595 546 ouius
615 489 696 546 vocis
718 487 838 546 litterae
861 487 1081 544 accuratissime
1105 484 1255 560 quadrant

238 579 269 635 et
292 578 324 633 15
347 578 478 652 spatium
502 579 532 635 et
554 576 586 634 in
605 575 733 653 vestigia
758 576 865 635 veteris
888 567 1095 656 erupturae),
1118 592 1255 650 quaeque

238 666 404 724 sententiae
441 667 597 740 aptissime
631 668 688 724 est:
730 657 895 744 (Christus)
933 666 1061 737 corporis
1099 668 1124 722 et
1160 665 1256 722 onisii

239 755 435 813 diversitatem
459 755 583 814 cohibita
611 755 827 813 immortalitate
849 754 1000 813 consociat.
1039 753 1096 812 Res
1120 754 1201 810 certe
1219 751 1255 810 fit

239 843 357 902 collutis
387 842 502 902 duobus
525 842 692 902 Matheseos
720 843 801 901 15515.
847 842 882 900 15
902 861 936 901 ea
960 844 1038 900 onim
1061 841 1184 900 verbum
1207 859 1255 900 ec·

238 933 343 1005 litere,
366 932 445 1008 quod
468 934 501 990 in
525 931 600 990 libro
624 932 660 990 de
684 938 781 990 erro're
805 950 863 989 non
887 933 997 1004 555155,
1026 932 1157 1006 5515555
1179 930 1255 988 15515

239 1023 398 1080 invenitur.
436 1021 568 1090 Quorum
586 1031 646 1080 tres
665 1022 788 1079 minoris
802 1023 872 1079 sunt
887 1021 1042 1077 momenti:
1057 1019 1157 1078 LVIIv
1170 1019 1202 1077 Π
1212 1021 1253 1078 29

240 1112 342 1169 amicis
359 1112 452 1182 (iolma
466 1111 612 1169 amicitiae
629 1111 868 1170 accessitmlmem
887 1109 1027 1168 eclibeas.
1065 1108 1148 1166 LXIv
1165 1107 1197 1166 H
1213 1108 1254 1166 23

240 1200 410 1258 exhibebant
426 1201 552 1273 iatepros
570 1200 735 1273 5551555155
753 1201 881 1271 affectus.
918 1197 1033 1256 nrm*
1045 1197 1077 1256 H
1093 1199 1132 1255 11
1153 1198 1257 1256 amicis

240 1289 399 1347 emittentes
417 1305 545 1346 amorem
564 1285 621 1368 (sio
639 1287 708 1360 AD3
732 1289 868 1346 lemorm
885 1287 915 1343 N
938 1290 967 1345 et
989 1287 1080 1345 Mure.
1099 1285 1144 1343 VI
1169 1277 1256 1366 156).

242 1377 300 1436 Sed
332 1377 424 1436 Math.
455 1379 532 1450 195,
557 1379 596 1435 21
631 1379 665 1435 55
701 1395 736 1435 55
773 1376 809 1434 de
848 1395 906 1452 quo
944 1377 1060 1452 agimus
1095 1375 1161 1434 loeo
1198 1393 1256 1434 vox

240 1467 395 1526 diversitas
422 1466 522 1525 vicina
553 1465 644 1525 verbo
673 1466 801 1525 saltitem
833 1467 969 1542 ponitur:
1054 1464 1256 1524 laborantibus

240 1557 404 1614 dominibus
441 1573 475 1614 55
513 1558 600 1614 caria
635 1573 735 1614 reram
771 1556 937 1614 diversitate
978 1553 1107 1612 sollicitis
1143 1571 1257 1626 param

240 1664 276 1704 ac
308 1645 391 1716 tilleto
415 1647 616 1718 patrocinium
647 1645 824 1717 defessionis
856 1645 979 1702 ealilmi.
1026 1642 1159 1717 Utroque
1191 1642 1256 1700 looo

241 1734 393 1792 malitiose
429 1735 583 1793 diuersitas
620 1733 736 1791 deletur
772 1734 897 1794 solubile
933 1731 1036 1808 511555
1071 1751 1111 1790 re.
1169 1730 1256 1790 Simi-

241 1823 311 1880 liter
351 1824 457 1880 mirum
498 1823 587 1897 plene
630 1815 882 1896 ‘disparaturum’
919 1821 1074 1879 notionum
1114 1815 1257 1878 ‘associu-

241 1911 353 1969 tionem
382 1905 634 1988 psychologioum'
661 1905 710 1991 (ut
739 1912 849 1969 nostris
879 1909 1015 1968 terminis
1045 1901 1179 1989 utamur)
1208 1908 1259 1967 de«

241 1999 449 2076 prehendimus
477 1999 570 2058 Muth.
596 1999 669 2073 253,
695 2002 734 2058 16
765 2002 795 2058 et
826 2018 859 2058 5ο
890 1999 925 2057 de
958 2017 1017 2074 quo
1048 1999 1150 2076 agitur
1176 1998 1258 2056 loeo:

242 2091 369 2164 utroque
400 2088 478 2147 onim
508 2088 637 2148 finitima
660 2092 705 2148 est
728 2088 818 2147 verbo
843 2089 972 2148 calibem
995 2090 1145 2146 structura
1169 2106 1257 2162 quee-

242 2179 311 2236 dam
340 2196 448 2236 vocum
477 2180 554 2236 eires
585 2181 614 2236 et
643 2179 780 2252 collipere.
826 2176 920 2236 Math.
945 2178 1018 2251 253,
1045 2178 1098 2235 16:
1114 2222 1120 2234 .
1137 2223 1141 2234 .
1159 2221 1164 2234 .
1181 2177 1257 2234 cclii·

240 2268 337 2326 teretes
354 2266 439 2339 piciclo
461 2270 669 2326 commercium.
705 2268 806 2326 mmo
823 2285 894 2325 same
911 2269 945 2324 m
967 2267 1046 2324 ommi
1068 2267 1259 2338 5555555555

242 2357 357 2416 solliciti
380 2348 431 2436 (51.
455 2373 545 2433 supra
568 2356 660 2416 Muth.
682 2357 754 2431 195,
775 2348 843 2435 211)
863 2355 948 2414 utiles
967 2360 993 2413 et
1010 2356 1061 2428 qai
1078 2355 1258 2413 5555155555

242 2446 396 2518 facultates
418 2447 481 2504 sais
503 2447 616 2510 ollitas
639 2445 781 2519 collisani.
828 2444 873 2503 De
896 2463 951 2502 err.
974 2444 1028 2501 XX
1049 2446 1067 2501 6
1093 2434 1257 2523 (Christus)

242 2537 346 2594 ceteris
376 2539 400 2593 et
430 2537 498 2593 rioci
531 2537 690 2594 testommti
721 2537 754 2593 im
785 2552 878 2592 mamm
902 2535 1009 2606 collisit
1030 2535 1115 2600 circs,
1140 2535 1192 2592 aut
1207 2578 1213 2590 .
1229 2577 1257 2589 ..

243 2625 438 2683 diversitatem
461 2625 585 2682 cohibita
601 2669 606 2681 .
624 2669 629 2681 .
646 2670 651 2681 .
668 2616 709 2704 (v.
733 2613 846 2704 supra).
893 2622 977 2680 Unde
1002 2624 1138 2698 apertum
1161 2625 1206 2680 est
1229 2625 1260 2679 55

242 2713 367 2772 exhibito
401 2717 431 2772 55
458 2715 535 2771 circs
572 2709 657 2792 (num
690 2716 777 2771 55555
813 2711 967 2789 legebatur
997 2716 1108 2784 polites,
1139 2730 1167 2770 v.
1191 2711 1210 2768 1.
1235 2729 1258 2769 o.

243 2822 271 2878 p.
297 2794 376 2882 293)
400 2805 478 2861 recto
502 2820 520 2860 5
543 2801 627 2860 55515
651 2801 840 2860 emendatum
863 2819 934 2860 esse.
980 2800 1121 2860 Eiusdem
1143 2799 1260 2876 periodi

243 2890 333 2949 finem
363 2893 398 2949 55
429 2893 508 2949 recte
541 2890 776 2967 emendaremus,
807 2909 925 2949 rursum
957 2889 1122 2948 maiuscula
1154 2887 1259 2964 effecit,

245 2998 304 3056 555
335 2979 474 3054 periodus
507 2998 631 3055 5555555
670 2980 728 3039 Uos
764 2997 843 3038 5555
876 2979 1028 3038 Omstaati
1043 3023 1048 3034 .
1064 3023 1071 3035 .
1087 3023 1093 3036 .
1107 2978 1258 3052 incipitur.

245 3067 311 3138 Qua
339 3069 478 3127 voculam
508 3069 734 3144 praecedentem
763 3069 852 3144 plane
876 3066 1065 3126 obscuratum
1089 3068 1118 3124 55
1141 3065 1259 3124 macule

244 3160 414 3233 spurcatum
433 3176 493 3216 non
511 3157 604 3217 fuisse
623 3161 655 3216 ot
672 3159 720 3216 vel
738 3158 799 3216 5515
819 3157 892 3232 5511
914 3154 1067 3232 probatur,
1090 3155 1169 3230 quod
1188 3154 1259 3213 olim

245 3271 458 3278 ——..—-—-...-.--.

335 3330 361 3397 1)
381 3327 484 3381 Scribit
503 3343 570 3380 sane
589 3325 746 3380 Huelsenus
766 3327 800 3379 de
819 3325 965 3380 hocloco:
991 3325 1126 3380 ‘eacolotu
1150 3323 1260 3377 seheint

244 3399 299 3452 mir
321 3399 450 3452 ziemlioh
474 3398 611 3464 deutlich;
634 3416 662 3464 5,
682 3415 697 3453 5
715 3397 773 3451 und
794 3399 803 3451 l
827 3397 890 3450 sind
914 3413 985 3468 ganz
1010 3396 1113 3461 sichem
1139 3395 1260 3449 cohibito

244 3469 429 3541 unmoglich'‚
448 3487 499 3523 neo
518 3470 679 3541 negandum
698 3487 730 3524 esc
748 3471 858 3524 5551555
877 3468 972 3536 511555
991 3468 1074 3521 modo
1093 3466 1160 3520 ferri
1178 3483 1260 3535 posse

246 3542 290 3610 (ea
308 3543 407 3596 collata
426 3541 484 3595 iam
502 3541 640 3611 Bursian).
679 3541 717 3594 At
735 3542 902 3609 argumenta
926 3557 1009 3608 supra
1029 3535 1117 3592 511555
1136 3537 1261 3592 evincere

244 3610 325 3666 nobis
344 3611 475 3666 videntur
493 3614 616 3667 scillite
634 3629 729 3665 veram
748 3628 808 3665 esse
826 3611 983 3665 lectionem.
