2698 4068
226 245 269 308 20
573 242 711 297 FIRMIGI
728 241 897 296 MATERNI

225 415 257 471 in
275 412 399 472 Hennae
423 412 555 471 civitatis
577 411 684 470 linibus
709 413 782 470 satis
806 430 946 471 amoenus
971 414 1000 470 et
1023 413 1135 488 gratare,
1159 409 1241 468 cuins

226 504 391 562 amoenitas
429 520 464 560 ex
500 501 606 559 florum
642 500 839 560 varietatibus
876 501 1017 560 nascitur.
1075 500 1153 558 Nam
1189 518 1242 574 per

226 610 344 650 omnem
376 609 485 648 annum
518 590 648 650 vicissim
680 590 737 649 sibi
766 589 989 649 suceedentibus
1016 588 1137 648 floribus
1161 607 1242 647 coro·

191 683 323 745 anatur.
359 679 583 738 lllic‘invenies
607 678 743 754 quicquit
761 679 917 754 hyacinthi
939 681 1041 756 turget
1063 679 1095 736 in
1119 677 1241 750 caulem,

226 769 290 828 illie
308 788 424 828 comam
442 769 566 828 narcissi
582 769 628 826 vel
648 767 727 843 quod
745 786 867 827 auream
880 786 980 828 rosam
995 767 1120 844 desuper
1134 767 1242 843 pingit,
1270 792 1282 830 5

225 859 289 917 illio
313 858 397 917 albae
420 857 545 916 hederae
575 877 628 932 per
657 860 768 915 terram
798 857 929 915 molliter
961 858 1097 932 serpunt,
1121 858 1151 914 et
1175 873 1242 914 cum

226 949 383 1023 purpureis
412 947 501 1006 violis
531 947 665 1005 suaviter
692 946 801 1005 rubens
825 964 980 1006 amaracus
1004 945 1164 1018 invenitur,
1187 962 1241 1002 nec

227 1055 367 1096 coronam
396 1038 485 1096 istam
514 1036 582 1094 alba
610 1035 749 1094 deserunt
771 1035 846 1094 lilia.
892 1034 1016 1094 Prorsus
1040 1037 1128 1110 aptus
1151 1034 1242 1106 locus,

228 1125 281 1201 qui
311 1127 410 1203 gratia
438 1144 493 1185 sua
521 1124 670 1201 puellares
693 1125 826 1183 animos·
846 1126 876 1183 et
902 1123 1045 1183 invitaret
1072 1122 1186 1198 pariter
1214 1124 1244 1179 et

227 1218 349 1274 teneret.
387 1215 423 1272 In
441 1213 576 1273 hocloco
600 1231 667 1272 cum
690 1232 708 1271 a
732 1213 860 1272 Plutone
879 1215 964 1290 virgo
983 1231 1075 1287 prope
1089 1229 1243 1286 vesperam
1257 1236 1284 1275 10

231 1305 336 1363 fuisset
349 1305 531 1362 inventa‘vi
548 1301 673 1379 rapitur,
692 1305 722 1361 et
741 1303 971 1379 superimposita
989 1301 1125 1360 vehiculo
1143 1301 1242 1359 scissis

228 1393 361 1454 vestibus
384 1393 522 1452 laceratis
546 1391 676 1450 crinibus
700 1391 827 1451 ducitur.
874 1392 936 1450 Nec
962 1389 1108 1450 reservati
1130 1407 1243 1466 ungues

135 1499 212 1548 sora
230 1486 335 1542 contra
353 1486 516 1540 amatorem
535 1483 679 1540 rusticum
699 1480 813 1556 aliquid
828 1481 1014 1556 profuerunt,
1035 1471 1039 1560 l
1059 1497 1113 1537 nec
1132 1479 1244 1537 clamor

230 1575 320 1648 atque
343 1572 476 1630 ululatus
500 1570 625 1645 adiuvit,
647 1589 701 1628 nec
725 1574 890 1628 ceterarum
908 1569 1049 1644 strepitus
1067 1566 1243 1643 puellarum.

194 1679 210 1725 3
231 1662 316 1720 Tunc
338 1680 399 1720 una
422 1661 510 1720 celeri
533 1677 621 1718 cursu
649 1677 716 1717 cum
739 1658 774 1717 de
798 1659 920 1718 civitate
943 1677 1029 1716 nemo
1053 1659 1245 1729 succurreret,
1259 1681 1285 1720 15

229 1751 311 1810 faeta
334 1769 369 1807 ex
391 1751 456 1825 ipso
480 1751 587 1808 timore
601 1749 742 1807 velocior·
767 1747 857 1805 matri
879 1749 1000 1822 raptum
1021 1747 1147 1824 virginis
1170 1765 1245 1804 nun·

230 1841 297 1899 tiat.
344 1837 455 1897 Contra
478 1840 629 1914 raptorem
653 1837 812 1914 indignata
834 1839 931 1894 mater
954 1837 1102 1894 armatam
1123 1853 1245 1893 manum

231 1927 320 1987 ducit.
366 1928 428 1985 Nec
456 1927 614 1986 Plutonem
643 1925 776 1984 mulieris
806 1925 914 1984 fefellit
945 1925 1100 1998 adventus,
1130 1923 1181 1982 sed
1213 1925 1246 1981 nt

231 2018 353 2077 retorsit
376 2016 414 2075 ad
438 2016 591 2075 civitatem
619 2015 733 2088 oeulos,
761 2016 791 2072 et
819 2014 952 2074 infinitos
981 2031 1089 2072 cuneos
1115 2014 1246 2088 respexit

231 2106 331 2165 venire
362 2125 429 2164 cum
458 2108 563 2179 matre,
593 2105 745 2164 funestum
775 2104 854 2179 cepit
884 2123 918 2162 ex
949 2102 1149 2178 disperatione
1178 2120 1244 2160 con·
1261 2127 1287 2165 so

232 2196 340 2254 silium.
378 2195 560 2272 Quadrigam
580 2213 639 2268 qua
655 2193 821 2252 vehiculum
841 2192 1025 2266 trahebatur,
1043 2210 1097 2268 per
1115 2190 1246 2249 medium

231 2285 330 2344 lacum
358 2284 471 2361 dirigit.
522 2283 552 2342 Is
585 2286 649 2342 erat
681 2282 836 2357 profundis
860 2281 1053 2359 voraginibus
1081 2281 1246 2338 immersus.

322 2451 340 2507 4
355 2455 390 2520 of.
402 2455 513 2519 Zsseler,
524 2454 623 2507 Philet.
634 2453 714 2507 LXI
716 2453 810 2519 V471,
824 2453 874 2521 qai
886 2451 989 2506 eosdem
1002 2451 1081 2518 flores
1094 2450 1172 2518 apud
1181 2449 1246 2502 Fe-

234 2527 334 2580 micnm
352 2532 432 2596 atace
451 2525 528 2593 apud
549 2525 626 2580 ovid.
642 2525 719 2578 Fast.
735 2523 783 2576 IV
794 2527 941 2578 437-442
959 2523 1115 2576 encourare'
1132 2525 1229 2576 monet.

234 2598 249 2650 1
271 2597 348 2667 Verp.
363 2597 425 2651 aa.
439 2598 496 2651 ΙΙΙ
506 2599 542 2649 63
557 2611 641 2649 suave
655 2595 758 2649 rubens
772 2594 943 2663 hyacinthus
955 2593 1025 2660 (St).
1081 2591 1098 2646 8
1113 2594 1148 2647 ib.
1158 2610 1183 2648 o.
1194 2595 1248 2646 442

232 2667 350 2736 liliaque
365 2667 438 2722 alba.
530 2667 549 2720 a
567 2668 671 2721 16433
689 2666 795 2735 praeda
814 2664 954 2735 puellares
978 2665 1086 2718 animos
1110 2664 1249 2733 prolectat

233 2740 326 2794 inanis
347 2741 397 2806 (H.
418 2740 569 2794 Widmann
592 2739 669 2806 apud
688 2739 745 2803 St).
839 2736 874 2790 12
899 2738 1011 2808 [Horat.
1028 2736 1117 2791 Carne.
1138 2737 1250 2800 1618

234 2810 342 2880 proelia
350 2811 489 2880 virginum
499 2809 582 2864 sectis
591 2809 742 2863 ininvenes
751 2807 895 2878 unguibus
905 2808 1011 2861 acrium
1019 2805 1248 2876 confertHanpt].

325 2933 343 2989 4
362 2934 490 3004 yacinthi
505 2937 538 3001 P,
553 2942 583 2988 at
596 2935 716 3000 conferri
729 2934 802 2987 iubet
817 2935 866 2988 Ha
876 2952 906 3003 p.
916 2938 964 2999 28,
976 2937 1001 2986 5.
1075 2931 1092 2985 5
1113 2934 1199 2985 aureri
1215 2931 1248 2983 P.

235 3007 390 3076 liserpunt
408 3005 445 3058 Et
463 3008 496 3061 P.
553 3005 743 3059 .isuabiter
761 3001 795 3060 P.
877 3005 941 3058 tn.
952 3022 982 3072 p.
998 3003 1106 3056 animos
1125 3003 1189 3057 add.

237 3079 273 3132 11
294 3079 410 3131 inuenta
429 3076 470 3130 ui·
490 3079 523 3132 P.
580 3075 617 3129 12
636 3075 755 3131 resecati
775 3075 817 3128 M.
831 3077 931 3144 Haupt
945 3077 1038 3129 Herm.
1054 3074 1122 3127 Ha
1137 3073 1249 3144 (Opuse.

235 3152 291 3203 ΙΙΙ
302 3153 376 3217 366).
456 3148 493 3204 la
512 3150 537 3202 d.
553 3156 617 3203 ante
639 3165 691 3202 nec
715 3147 819 3202 clamor
834 3148 861 3200 P
876 3164 933 3201 non
950 3148 1037 3212 habet,
1055 3145 1101 3198 sed
1118 3145 1252 3212 arripiam

236 3228 275 3276 est
288 3220 354 3275 Nec.
410 3221 472 3290 dp.
488 3219 597 3273 adiuvit
611 3220 674 3274 add.
730 3220 775 3273 dd.
781 3236 812 3287 p.
829 3218 865 3272 lt
885 3217 1058 3272 succurreret
1076 3223 1102 3270 et
1120 3214 1157 3268 16
1175 3212 1251 3268 velo·

236 3293 295 3346 cior
313 3293 377 3347 add.
467 3291 503 3345 16
521 3292 583 3361 ipso
602 3309 670 3345 cerr.
685 3293 713 3345 P
725 3308 759 3345 erc
776 3290 846 3357 ipsa.
933 3289 970 3342 19
990 3287 1118 3341 retrorsit
1136 3287 1169 3340 P.

238 3363 276 3417 20
295 3363 371 3436 cepit
387 3365 419 3417 P.
477 3363 671 3431 desperatione
685 3381 732 3430 pr,
750 3362 785 3427 cf.
801 3365 846 3426 16,
857 3364 881 3413 3.
945 3360 980 3413 nl
1001 3377 1058 3427 qua
1077 3400 1101 3413 ..
1120 3355 1252 3411 traheba-

237 3435 284 3487 tur
303 3437 361 3501 Ho,
384 3435 457 3504 qaod
474 3435 597 3505 rhythmo
616 3435 807 3500 confirmotnr:
830 3448 886 3500 qua
901 3473 924 3485 ..
940 3430 1072 3485 trahebat
1085 3432 1120 3496 P,
1140 3444 1211 3499 qnae
1227 3469 1251 3481 ..

238 3507 370 3559 trahebat
388 3507 440 3572 Fl;
459 3507 484 3560 d.
500 3507 563 3560 aad.
637 3504 674 3557 22
694 3505 845 3558 immensus
862 3504 910 3558 Gr.

329 3629 346 3683 2
368 3633 456 3685 Mate.
470 3635 580 3697 262,13
603 3645 719 3683 coronas
743 3645 777 3682 ex
799 3627 898 3681 florum
917 3628 1054 3682 varietate
1073 3623 1253 3695 compositas.
