2684 4062
215 227 258 290 70
561 225 700 281 rnersscl
717 225 886 281 MATERNI

213 397 360 472 taclysmo
383 397 546 455 humanum
569 414 662 475 genus
685 415 755 456 arca
776 396 877 474 lignea
900 394 1053 470 liberavit3
1075 394 1232 454 Abraham

213 487 298 563 ligna
321 485 402 545 unici
425 485 480 544 filii
503 486 632 544 humeris
659 484 790 562 inponit3
819 486 855 545 de
877 486 1017 563 Aegypto
1044 484 1231 544 recedentem

214 575 262 632 dei
284 576 402 651 plebem
424 575 525 653 lignee
548 575 633 654 virga
654 575 797 649 protexit3
821 575 936 652 lignum
956 569 1074 633 dulcem
1092 592 1231 650 saporem

215 683 335 725 amarae
357 683 475 740 myrrae
497 663 633 724 fontibus
655 663 799 741 reddidit3
821 665 922 740 lignea
940 665 1026 741 virga
1045 683 1080 722 ex
1099 663 1231 738 spiritali

143 767 200 816 (121)
215 758 301 832 petra
316 755 456 813 salutans
470 754 550 812 unde
564 754 723 829 profertur,
737 756 768 812 et
780 755 815 811 ut
827 753 951 811 Amalec
959 753 1137 826 vinceretur,
1151 755 1232 812 circa
1260 771 1275 811 e

215 846 330 922 virgam
346 844 464 919 Moyses
483 841 620 918 expensis
639 841 776 901 manibus
795 842 976 915 extenditur3
996 842 1094 901 scalae
1112 842 1231 919 ligneae

214 933 386 1010 patriarcba
408 932 627 991 incumbentem
651 931 788 1008 angelum
813 933 953 1007 somniat,
978 934 1008 991 et
1030 950 1083 1007 per
1105 931 1232 990 eandem

215 1024 290 1082 alios
310 1021 484 1082 descendere
503 1021 579 1080 alios
598 1021 692 1080 cernit
710 1020 877 1094 ascendere,
896 1023 926 1078 et
944 1021 991 1078 lex
1006 1020 1054 1079 dei
1068 1038 1154 1079 arcae
1168 1038 1230 1079 cre-

215 1112 297 1170 ditur
309 1112 436 1188 ligneae,
450 1114 484 1169 ut
502 1110 549 1168 his
568 1109 703 1168 omnibus
723 1109 808 1185 quasi
826 1129 880 1186 per
898 1109 1008 1186 gradm
1027 1109 1172 1184 quosdam
1191 1109 1230 1168 ad

214 1203 330 1278 lignum
342 1201 438 1260 crucis
452 1200 532 1259 salus
546 1200 699 1258 bominum
709 1201 886 1275 perveniret.
911 1197 1100 1275 Quapropter
1113 1199 1232 1275 lignum
1246 1218 1277 1257 ro

214 1290 309 1350 crucis
332 1289 409 1348 caeli
432 1289 560 1348 sustinet
581 1289 764 1363 machinam,
787 1291 885 1346 terrae
908 1288 1104 1347 fimdamente
1127 1306 1230 1347 conro-

214 1381 311 1453 borat,
334 1378 446 1438 adfixos
470 1377 528 1438 sibi
549 1378 683 1436 homines
707 1377 790 1436 ducit
813 1377 851 1436 ad
875 1379 978 1436 vitem.
1015 1376 1144 1454 Lignum
1167 1375 1231 1435 dia-

214 1469 273 1530 boli
299 1467 385 1526 ardet
407 1486 523 1541 semper
546 1469 576 1526 et
598 1467 733 1542 moritur,
758 1468 788 1526 et
811 1467 848 1525 ad
872 1467 932 1524 ima
950 1466 1059 1525 tartari
1078 1466 1231 1526 credentes

179 1565 196 1612 4
215 1557 349 1617 homines
368 1576 435 1616 cum
453 1556 566 1615 favillis
585 1556 645 1614 suis
664 1555 754 1614 ducit.
787 1555 867 1614 Hlud
891 1557 982 1614 etiam
1004 1556 1091 1631 quale
1111 1555 1150 1614 sit
1169 1573 1230 1609 *a*

214 1647 331 1707 ratione
352 1647 507 1706 tractetur.
544 1644 689 1704 Arborem
712 1663 795 1703 suam
819 1644 955 1704 diabolus
978 1659 1165 1704 consecrans·
1185 1644 1230 1701 in·
1248 1664 1276 1704 1⁶

103 1752 139 1801 sor
155 1747 200 1790 rer
215 1738 363 1812 tempesta
385 1739 471 1794 nocte
496 1734 620 1793 arietem
643 1735 675 1792 in
698 1753 800 1793 caesae
823 1734 938 1792 arboris
960 1733 1035 1793 fecit
1054 1733 1204 1793 radicibus
1226 1727 1230 1812 l

215 1825 373 1884 immolari.
420 1823 492 1892 Quis
519 1823 575 1882 tibi
602 1822 659 1881 hoc
687 1823 829 1882 scelerate
852 1821 1022 1898 persuasit?
1067 1821 1152 1881 Unde
1174 1823 1233 1882 hoc

215 1915 359 1992 pestifera
386 1913 551 1988 cupiditate
579 1911 732 1971 didicisti?
770 1911 930 1987 Semperne
958 1915 987 1970 te
1012 1915 1116 1972 contra
1143 1911 1231 1970 deum

216 2022 364 2062 summum
393 2003 509 2060 nefaria
537 2000 701 2077 cupididate
729 1999 892 2077 conponis?
936 2000 1007 2060 Ideo
1035 2005 1066 2060 te
1090 2001 1125 2060 de
1149 2001 1232 2061 caelo

216 2112 351 2152 severum
386 2091 553 2150 divinitatis
585 2090 728 2149 iudicium
762 2090 874 2149 caduca
910 2091 1081 2150 humilitate
1118 2090 1231 2166 praeci·
1248 2110 1281 2150 ro

216 2183 307 2259 pitat‚
335 2181 402 2239 ideo
430 2180 488 2239 tibi
515 2179 562 2239 dei
590 2180 738 2238 sententia
765 2183 910 2255 perpetua
934 2199 1032 2255 poena
1055 2180 1234 2252 decernitur,

216 2270 296 2347 quod
327 2270 509 2329 facinoribus
537 2269 598 2328 tuis
630 2289 684 2345 per
716 2269 778 2328 dies
812 2269 945 2345 singulos
976 2289 1088 2328 novum
1116 2287 1235 2344 semper

216 2360 337 2419 additur
359 2360 488 2434 facinus,
517 2358 596 2434 quod
620 2358 797 2418 hominem
820 2358 877 2416 dei
900 2358 1234 2435 fraudulentagconaris

215 2449 406 2526 persuasione
439 2449 581 2525 decipere.
627 2447 704 2506 Vide
738 2447 811 2523 quid
844 2447 901 2506 sibi
930 2447 1110 2506 ludibriosus
1137 2447 1234 2507 hostis

215 2540 371 2599 invenerit.
403 2537 543 2596 Abrahae
566 2537 757 2596 immolaturo
779 2536 874 2596 filium
897 2538 979 2596 iussu
1003 2536 1052 2595 dei
1070 2537 1146 2596 aries
1164 2535 1233 2594 sub·
1250 2555 1281 2597 se

181 2644 198 2692 ὁ
217 2629 348 2706 ponitur,
373 2629 454 2686 etin
477 2626 592 2686 vicinae
619 2626 732 2685 arboris
755 2624 905 2684 radicibus
929 2626 1079 2703 alligatur.
1111 2625 1234 2684 Libera·

306 2797 322 2852 l
345 2798 412 2853 Gen.
428 2802 508 2852 7—8.
613 2797 648 2850 ab.
662 2800 745 2850 226.
851 2795 868 2849 2
888 2795 944 2850 Eu.
964 2801 1008 2862 14,
1017 2800 1053 2851 21
1072 2802 1097 2850 et
1114 2799 1160 2848 26.

216 2869 235 2924 a
254 2871 289 2925 rc.
306 2874 349 2937 15,
358 2873 404 2926 25.
513 2866 531 2921 4
551 2869 586 2923 e.
603 2871 646 2933 17,
657 2872 682 2921 o.
721 2873 745 2922 1.
762 2866 821 2923 eor.
838 2871 880 2934 10,
890 2871 915 2920 4.
1025 2867 1118 2921 eae.
1134 2870 1234 2933 17,12.

216 2942 235 2996 6
257 2941 323 2996 Gen.
338 2946 384 3009 28,
397 2946 438 2995 12.
513 2939 531 2993 8
551 2939 606 2993 Ec.
622 2943 665 3005 40,
675 2943 719 2993 20.
794 2938 831 2992 23
851 2940 886 3005 cf.
901 2942 997 3005 39,14.

256 3137 261 3149 Ι
308 3066 323 3119 1
343 3064 385 3119 De
404 3064 511 3118 abraba
527 3066 559 3131 P,
574 3081 623 3145 coc.
634 3064 690 3130 Bu,
704 3064 776 3118 idem
794 3065 931 3118 caniciem
949 3063 1001 3117 deo
1020 3061 1137 3116 iubente
1150 3061 1235 3130 Abr.;

215 3137 403 3265 baledin
426 3137 500 3276 (iot
515 3136 766 3273 liffeim
784 3134 1236 3276 eltzllllss‘itblisstl'e

213 3289 327 3364 propter
340 3281 495 3334 clausulam
507 3279 557 3332 boe
570 3283 658 3332 terrere
671 3277 744 3361 illud
756 3280 889 3348 corripere
903 3280 1058 3361 recludere.
1110 3277 1145 3362 ll
1164 3278 1233 3361 dp.

217 3347 726 3494 ppppffiffle.<diligppffif>aeppp
739 3351 785 3475 ii
802 3349 923 3490 {m
936 3348 1236 3490 cibiiiipeiiiffriieh

219 3495 256 3548 15
275 3496 301 3548 d‘.
312 3512 343 3563 p.
359 3509 524 3548 consecrans
543 3492 609 3548 edd.
672 3503 673 3506 ’
693 3492 730 3546 25
750 3491 808 3545 fil1o
829 3495 861 3558 P,
880 3510 921 3546 em
939 3493 989 3547 Fr.
1065 3493 1110 3545 di·
1125 3493 1159 3545 P.

307 3618 345 3672 le
362 3620 452 3674 Mate.
462 3623 525 3686 roe,
533 3622 568 3672 17
578 3617 711 3687 diligenti
721 3616 832 3670 arrone
842 3616 1021 3671 eeclesiae.
1059 3615 1095 3670 21
1111 3615 1147 3682 cf.
1155 3619 1200 3681 19,
1206 3621 1234 3669 e.
