2684 4062
226 208 269 273 62
368 275 370 280 ¹
572 207 708 262 nemer
726 207 894 262 urrinni

226 378 395 437 comitatur.
441 378 524 436 Tunc
556 378 636 436 elato
669 377 778 456 gaudio
811 377 921 436 clamat
954 378 1034 436 elata
1060 378 1242 437 mortalitas:

228 461 307 525 ‘Ubi
331 469 385 525 est
407 485 500 525 mors
524 466 669 526 aculeus
693 460 809 524 tuus‘l'
841 467 924 525 Tunc
946 485 1138 542 praecurrens
1163 467 1242 525 salu·

226 558 290 614 tare
309 575 419 614 numen
438 555 548 631 aperiri
567 555 624 614 sibi
642 557 784 615 caelestes
802 557 908 616 ianuas
928 557 1081 632 praecipit.
1107 549 1241 630 ‘Aperite

227 645 341 719 aperite
374 647 404 702 et
435 643 607 703 inmortalia
640 646 771 703 claustra
801 645 973 704 convellite:
1002 643 1137 704 Christus
1170 644 1241 704 deus

115 733 367 798 torrerentur
388 737 483 790 morte
511 733 549 792 ad
577 734 693 792 caelum
720 733 870 792 hominem
894 753 981 811 quem
1005 736 1176 809 susceperat
1197 753 1243 792 re·
1271 755 1284 794 s

227 815 337 882 vocat'
378 822 442 881 Hoc
467 843 484 880 a
507 822 676 882 venerando
699 823 846 898 propheta
869 826 973 882 sancta
996 842 1067 883 voce
1091 823 1243 898 praecani-

227 914 287 984 tur,
311 913 341 969 et
365 932 400 968 ex
423 930 472 970 ore
496 912 669 987 prophetico
693 930 750 970 vox
769 911 898 971 iubentis
918 911 1046 971 auditur.
1088 911 1142 970 Ait
1165 913 1243 971 enim

229 1001 351 1075 spiritus
375 1002 505 1074 sanctur,
528 1005 563 1058 ut
586 1001 671 1060 nobis
694 1001 847 1059 licentiam
867 1000 978 1060 Christi
997 1001 1127 1060 iubentis
1146 1004 1242 1060 osten·

227 1089 322 1148 deret:
348 1085 496 1149 ‘Tollite
514 1092 640 1164 portas
663 1091 843 1165 principis
867 1093 981 1150 vestri
1011 1093 1046 1148 et
1073 1091 1243 1149 extollite

226 1173 332 1256 (vos)
355 1183 482 1254 portae
513 1183 683 1237 aeternae
716 1181 751 1236 et
781 1179 954 1238 introibit
985 1199 1044 1238 rex
1077 1175 1285 1256 gloriae.'1o

194 1267 296 1326 ὁΗοο
333 1268 447 1344 angelis
483 1267 683 1327 nescientibus
715 1267 895 1342 imperatur:
931 1288 1027 1343 neque
1059 1269 1138 1326 enim
1170 1269 1244 1327 scire

227 1358 397 1431 potuerunt,
421 1356 539 1432 quando
564 1357 686 1417 verbum
710 1357 757 1416 dei
781 1355 933 1416 descendit
951 1357 988 1417 ad
1011 1359 1130 1416 terram.
1172 1357 1243 1416 Ideo

228 1448 258 1503 et
281 1445 338 1522 ipsi
359 1445 488 1505 sollicita
506 1446 741 1523 interrogatione
759 1446 951 1521 respondent:
976 1441 1073 1515 ‘Quis
1097 1449 1150 1505 est
1172 1448 1243 1505 iste

227 1554 287 1592 rex
319 1530 493 1612 gloriae?'
531 1535 646 1605 Quibus
675 1535 887 1611 quaerentibus
918 1537 1075 1611 perspicua
1108 1534 1243 1594 Christus

227 1623 358 1682 numinis
382 1626 429 1683 sui
451 1624 608 1683 maiestate
631 1624 804 1701 respondet:
836 1620 1033 1684 ‘Dominus
1056 1625 1175 1684 fortis
1205 1627 1284 1686 etis
1327 1633 1328 1666 l

227 1715 355 1788 potens
393 1713 556 1772 dominus
597 1717 726 1789 potens
762 1715 798 1771 in
834 1708 997 1789 proelio'
1048 1712 1244 1791 Cognoscitur

229 1803 332 1861 statim
357 1823 374 1859 a
397 1801 568 1861 custodibus
593 1803 669 1861 caeli
690 1802 769 1861 filius
793 1803 849 1875 dei,
873 1806 903 1861 et
922 1804 1059 1878 quicquit
1081 1803 1150 1861 illos
1174 1805 1242 1861 ante

227 1891 336 1949 fefellit
368 1895 540 1969 agnoscunt.
587 1891 699 1951 Vident
734 1894 879 1966 prostrati
914 1893 1008 1951 hostie
1045 1893 1179 1966 exuvias,
1212 1894 1244 1950 et

226 1979 376 2039 recordati
407 1983 520 2055 primae
556 1981 759 2057 dispositionis
792 1981 942 2039 ordinem'
963 1981 1054 2039 etiam
1085 1982 1144 2054 ipsi
1176 1999 1243 2038 cum

228 2069 454 2128 ascendentibus
486 2070 596 2128 iterata
628 2069 740 2145 pariter
768 2088 839 2129 voce
866 2071 1065 2128 conclamant:
1091 2065 1242 2128 ‘Tollite
1258 2091 1288 2131 eo

227 2159 352 2233 portas
376 2160 437 2233 qui
460 2161 639 2234 praeestis
661 2158 741 2217 illis
769 2161 803 2216 et
830 2158 999 2218 extollite
1023 2177 1084 2218 vos
1111 2161 1241 2233 portae

193 2251 398 2305 taeternce
435 2250 470 2305 et
506 2247 679 2307 introibit
715 2267 776 2305 rex
813 2243 971 2324 gloriae’
1019 2248 1149 2308 Reverso
1179 2247 1243 2305 filio

227 2338 374 2411 promissa
405 2339 492 2411 pater
522 2338 607 2414 regni
639 2340 754 2410 sceptra
787 2339 928 2412 restituit,
961 2339 991 2395 et
1023 2337 1128 2396 sellem
1157 2339 1246 2413 regni

226 2594 265 2648 20
291 2523 392 2649 pm}
412 2524 620 2591 Gor.115,55.
712 2523 751 2577 10
776 2527 917 2592 Ps.23,7.
1016 2524 1054 2579 13
1073 2526 1108 2579 ib,
1123 2543 1146 2580 v,
1162 2529 1189 2578 3,

284 2613 358 2649 no.
394 2638 399 2648 .

317 2737 335 2791 3
354 2738 482 2806 precepit
496 2740 529 2804 P,
544 2755 591 2792 em.
607 2739 650 2792 ΡΙ
668 2741 848 2794 consentiente
865 2739 998 2809 rhythmo.
1071 2737 1090 2793 4
1109 2740 1181 2792 uocis
1200 2738 1246 2791 in·

226 2807 358 2864 mort..lia
382 2810 487 2864 litterae
509 2811 583 2862 mort
604 2816 782 2865 evanuerunt.
865 2809 1017 2866 conbellite
1037 2813 1068 2865 P.
1152 2810 1169 2863 5
1189 2826 1247 2878 que

228 2882 385 2950 susciperet
404 2883 436 2935 P.
527 2882 571 2935 dd.
582 2900 613 2950 p.
632 2881 646 2935 7
665 2881 846 2950 praecanitur
864 2889 890 2936 et
907 2880 925 2934 8
945 2883 1058 2936 sanctus
1078 2882 1142 2937 add.

224 2952 244 3006 a
264 2952 402 3020 principis
420 2952 468 3005 nii
488 2954 521 3017 P,
545 2953 563 3005 c'.
579 2969 599 3006 e.
614 2954 753 3022 peneticnc
766 2955 890 3023 pendens
912 2970 945 3007 en
967 2956 1076 3022 portas:
1099 2952 1244 3021 principes

226 3026 333 3076 vestras
352 3025 403 3089 Ft,
422 3023 564 3092 principes
583 3023 669 3076 vestri
688 3026 744 3091 Bn,
763 3024 914 3095 principes,
933 3025 1018 3079 vestri
1037 3026 1096 3090 Ha,
1115 3031 1146 3078 nt
1165 3023 1244 3092 prin-

227 3094 1081 3223 titttt⁰ttt⁸tldttdt⁶t‘tpttttttdffl‘(t
1096 3094 1135 3220 {l‘
1143 3093 1245 3219 tlt?

226 3207 325 3290 troiuit
340 3239 372 3291 P.
401 3209 406 3219 ⁵
439 3209 504 3290 '12'
524 3237 550 3290 d.
561 3256 592 3306 p.
612 3186 861 3306 ροὺιιθτιιέξᾶιάα.Ι
939 3208 976 3292 Ῑὲ
999 3238 1154 3306 responderi
1174 3235 1246 3302 Quis

226 3308 305 3363 babet
319 3311 362 3390 .P·'
385 3309 508 3378 tepebant
530 3309 682 3378 respondet
700 3311 744 3366 nt
757 3312 808 3364 Ha
823 3310 881 3391 (aed
899 3317 967 3364 recte
981 3312 1050 3375 Bn).
1143 3308 1179 3392 lt
1199 3325 1246 3362 re·
1288 3337 1291 3340 ·

225 3380 392 3505 ffippfftpl’,
407 3397 455 3433 ena.
471 3377 526 3434 Bn.
620 3381 657 3435 18
676 3382 702 3435 d.
713 3398 743 3449 p.
763 3397 877 3434 exuvias
897 3381 961 3435 add.
1053 3379 1091 3433 19
1115 3381 1246 3434 ordinem

317 3591 332 3645 1
354 3591 428 3647 elato
448 3595 566 3665 gaudio:
584 3597 617 3663 cf.
637 3596 688 3649 Mc
704 3598 750 3650 25.
824 3594 843 3648 8
861 3593 1020 3648 licentiam:
1039 3594 1074 3660 cf.
1091 3596 1141 3649 Μο
1160 3597 1204 3650 12.
