2698 4068
119 521 218 596 ram
245 522 430 597 eleuter
456 524 681 597 maressa
709 524 741 596 v
770 524 796 598 v
823 523 887 598 os
916 494 1108 599 sesses

274 649 608 722 Psossusuou
635 649 959 722 Rsmfflovau·

124 802 1104 842 *srsssssssssssssss*

276 893 399 960 (Desuut
414 893 486 960 folia
505 894 560 948 duo
578 894 687 960 codicis,
705 911 728 947 v.
740 893 831 962 praef.
842 911 872 962 p.
888 893 956 961 IX.)

108 1025 186 1099 quod
204 1026 237 1083 in
251 1025 447 1086 fabricatione
463 1026 558 1085 homi·
575 1016 745 1112 s⁰¹12¹rquod
763 1029 795 1085 iu
813 1025 1012 1100 fabricaoione
1028 1027 1122 1085 homi·
1138 1024 1275 1078 (ciffum)

195 1196 233 1248 Iu
255 1196 430 1250 restituendis
450 1195 568 1252 Firmici
589 1198 677 1252 verbis
700 1198 731 1250 iu
748 1195 817 1262 sotio
836 1201 865 1249 1⁷
883 1198 994 1264 scriptis
1016 1197 1047 1251 id
1066 1215 1123 1251 ma-

107 1269 179 1320 uime
203 1267 397 1334 spectavimus,
424 1284 458 1321 ue
481 1269 589 1322 diutius
613 1267 732 1322 Firmici
753 1283 807 1322 esse
828 1267 979 1334 ferremus,
1003 1285 1123 1337 quaere

107 1354 171 1391 vera
198 1355 211 1390 e
235 1337 330 1392 Flavii
356 1339 466 1410 iuyeuio
489 1345 551 1393 orta
572 1343 645 1404 suut,
664 1341 713 1408 qui
729 1340 788 1392 suis
806 1340 961 1394 commeatis
978 1345 1011 1392 ut
1028 1339 1123 1394 editio·
1216 1357 1219 1362 ·

107 1425 167 1462 uem
186 1409 227 1462 ita
245 1411 336 1478 rusum
354 1410 471 1464 codicem
488 1427 592 1480 parum
614 1411 731 1476 feliciter
752 1411 894 1464 euuudare
914 1410 1029 1464 studuit.
1063 1411 1124 1465 Nos

107 1479 195 1550 icitur
212 1481 244 1532 iu
263 1481 390 1535 columma
407 1481 524 1536 siuistra
541 1481 695 1534 exhibemus
714 1487 817 1535 uetiam
836 1483 871 1535 ab
889 1483 950 1550 imo
969 1483 1084 1536 librario
1098 1483 1127 1536 P

107 1551 239 1621 surbtum
262 1558 342 1622 atque
365 1552 495 1608 addimus
513 1553 593 1606 uueis
610 1553 719 1606 iuciusa
739 1568 780 1618 ea,
799 1569 868 1620 quae
887 1570 905 1606 a
924 1553 1028 1607 Flavio
1045 1568 1124 1607 reuo-

107 1628 173 1677 vata
191 1625 246 1677 sive
265 1625 419 1678 litterarum
437 1624 535 1690 formis
548 1624 672 1692 priscam
690 1624 857 1690 scripturam
869 1626 1017 1678 servavisse
1029 1625 1124 1678 videu-

107 1701 154 1748 tur
171 1696 226 1748 sive
243 1697 390 1749 seuteutiae
404 1700 471 1764 apta
483 1703 550 1749 suut
563 1701 587 1749 et
597 1694 766 1749 Firmiciaui
780 1695 889 1748 diceudi
902 1697 1008 1766 acueris
1022 1696 1125 1767 levibus

104 1773 213 1833 parcat.
232 1767 390 1822 Abieeimus
412 1785 453 1832 ca,
476 1785 546 1836 quae
569 1766 654 1821 isdem
676 1767 709 1821 de
731 1768 824 1820 causis
844 1783 918 1822 mera
937 1767 1037 1822 Flavii
1054 1784 1125 1822 com·

85 1843 198 1892 ¹meuta
222 1837 491 1906 deprebeudereutm.
528 1840 566 1892 Iu
591 1839 719 1892 columma
743 1837 854 1893 deutera
875 1840 1021 1907 repetimus
1043 1839 1125 1894 verbu

108 1925 127 1962 a
144 1926 175 1980 τι1
198 1909 297 1975 (idest
319 1910 431 1976 atauo)
450 1912 562 1979 scripta,
581 1927 651 1979 quae
669 1911 701 1964 iu
719 1910 777 1964 eius
795 1908 913 1964 eddium
935 1915 961 1965 et
982 1911 1014 1964 iu
1032 1913 1125 1966 ceteris

107 1981 234 2035 omuibus
251 1981 417 2036 editionibus
435 1983 571 2051 ieouutur.
599 1981 713 2036 Litteris
731 1982 874 2036 iucliuatis
888 1982 920 2034 iu
932 1981 984 2036 bac
997 1983 1125 2036 coiumua

107 2068 141 2105 ea
163 2053 341 2118 caprimeuda
364 2069 501 2120 curamus,
525 2070 594 2121 quae
617 2069 635 2104 a
653 2052 682 2105 P
701 2055 805 2121 scribta
828 2069 884 2108 uou
903 2070 922 2106 a
940 2071 971 2124 π1
992 2061 1125 2109 reuovatu

107 2127 181 2177 umt.
215 2121 256 2189 Cf.
271 2125 303 2176 iu
316 2125 474 2178 uuiversum
492 2125 560 2180 ΒΜ
570 2128 672 2193 27439.

197 2195 409 2262 Iusariptiouem
427 2194 587 2250 addidimus
605 2212 639 2250 eu
656 2197 862 2264 subscriptioue,
881 2213 964 2264 quam
981 2215 1005 2250 v.

110 2265 126 2318 1
149 2263 225 2333 Quae
243 2272 306 2319 aute
324 2283 356 2320 ca
374 2268 463 2334 verba,
482 2268 582 2336 quibus
599 2267 631 2321 iu
654 2268 743 2321 codice
767 2267 874 2321 libellus
891 2268 1034 2336 iucipitur,
1053 2270 1125 2322 cuai-

108 2336 209 2402 deriut,
226 2337 309 2402 faede
328 2338 455 2393 coueludi
464 2345 552 2406 potest
565 2355 599 2394 eu
613 2339 678 2392 iocis
692 2339 799 2392 duobus
812 2338 948 2392 simitibus
964 2339 1125 2406 Matbeseos,

108 2407 208 2476 quibus
231 2409 334 2462 abusus
357 2416 394 2462 est
414 2411 465 2463 Mo
479 2427 509 2478 p.
527 2414 600 2479 isa,
623 2426 685 2464 cum
702 2410 801 2476 referri
822 2424 866 2463 eos
888 2411 937 2463 boc
959 2411 1069 2478 quidem
1091 2411 1124 2464 u·-

109 2479 173 2534 beili
189 2480 222 2532 de
240 2496 329 2534 errore
347 2481 405 2534 ioco
423 2481 562 2536 couteudit
580 2481 627 2547 (cf.
643 2481 723 2547 Kr.):
738 2481 879 2547 prooemia
902 2481 1021 2534 dicimus
1043 2481 1124 2536 libro·

108 2566 172 2602 rum
190 2551 247 2602 III
260 2556 286 2603 et
303 2550 368 2605 VII.
409 2551 514 2620 Quibus
534 2551 675 2606 Firmicus
698 2552 778 2605 deum
799 2551 992 2618 fabricatorem
1015 2554 1128 2620 eapouit

109 2635 144 2674 ev
161 2623 310 2688 coraposito
328 2627 459 2690 quattuor
477 2624 665 2677 eiemeutorum
684 2624 875 2676 coutrarietute
893 2629 919 2677 et
941 2629 1027 2678 totum
1045 2640 1125 2678 mum

109 2692 177 2745 dum
204 2698 229 2745 ct
255 2692 389 2746 bomiuem
416 2694 453 2747 ad
480 2694 627 2763 imaoiuem
649 2694 748 2747 muudi
769 2694 871 2760 fecisse,
896 2695 940 2747 ‘ut
963 2694 1058 2748 divino
1081 2693 1126 2746 illi

109 2761 233 2831 spiritui,
259 2763 309 2830 qui
331 2765 368 2817 ed
392 2765 626 2820 sustentationem
648 2763 777 2818 mortalis
802 2765 924 2834 eorporis
949 2781 983 2820 ex
1010 2763 1127 2820 caelesti

109 2836 203 2888 mento
223 2835 378 2901 deseendit,
397 2835 464 2890 lieet
482 2835 584 2906 fragile
603 2837 653 2890 sed
672 2841 766 2890 tamen
786 2835 878 2890 simile
892 2838 997 2892 mundo
1011 2839 1128 2906 peroret

109 2905 277 2975 hospitium'
294 2908 398 2973 (Mem.
413 2911 457 2974 90,
472 2911 528 2975 19).
557 2909 613 2962 His
627 2907 734 2978 quidem
747 2909 830 2963 etiam
848 2908 879 2961 iu
889 2910 1028 2976 prooemio
1042 2909 1128 2965 libelii

108 2979 142 3032 de
160 2994 249 3033 errore
266 2979 411 3047 eupiicatis
427 2996 520 3034 vuum
537 2996 597 3034 eam
615 2981 768 3034 doctrinam
785 2979 827 3033 ita
846 2979 963 3033 osteudit
981 2998 999 3034 a
1017 2980 1127 3036 diabolo

105 3066 262 3119 perversum
285 3067 339 3105 esse
362 3052 410 3118 (cf.
425 3067 484 3119 cap.
500 3051 617 3117 XXII),
643 3057 675 3105 ut
697 3067 753 3104 uon
781 3067 814 3104 ex
839 3051 964 3104 omuibus
991 3052 1127 3106 elemeutis

108 3121 246 3176 muudum
267 3124 453 3191 corapositum,
476 3123 522 3177 sed
544 3123 656 3192 siuauiu
679 3123 809 3176 eiemeuta
831 3137 885 3176 esse
903 3124 1049 3192 prium'pia
1071 3140 1126 3178 om·

109 3194 189 3246 mium
215 3211 307 3248 rerum
333 3195 439 3248 miseris
465 3195 621 3250 homiuibus
639 3193 817 3263 persuaderet
839 3209 934 3261 eosque
956 3201 987 3248 ut
1013 3195 1127 3264 seuquid

109 3265 239 3320 eiemeuta
257 3267 404 3320 mumiuum
423 3266 479 3320 loco
498 3272 685 3320 cousecrareut
703 3265 855 3333 impelleret.
893 3266 973 3319 Haec
995 3273 1034 3320 est
1053 3266 1127 3334 ‘per-

110 3351 193 3388 versa
212 3336 356 3390 diseretio'
378 3340 458 3406 (md,
473 3341 529 3406 13).
567 3339 646 3392 Haeo
664 3353 725 3390 cum
748 3337 779 3390 iu
802 3337 961 3390 uuiversum
987 3336 1128 3392 Firmicus

109 3406 278 3475 disseruerit,
298 3407 482 3477 ‘specialiter’
507 3411 565 3464 iam
582 3409 730 3478 profitetur
753 3406 927 3460 ‘retexendo'
952 3425 1020 3464 esse:
1048 3415 1128 3479 atque

109 3477 208 3532 reiecit
233 3480 264 3532 iu
288 3481 468 3549 sequeutibus,
496 3497 562 3534 uam
586 3481 620 3535 de
647 3480 791 3550 Aeoyptirs
818 3479 975 3550 Pbryyrbus
1002 3480 1129 3551 Assyriis

109 3548 211 3615 Persis,
231 3567 319 3618 aquae
337 3557 425 3606 terrae
444 3553 607 3621 derisionis
628 3552 777 3606 cultoribus
796 3550 933 3619 damme:
950 3551 1042 3606 reddit
1059 3570 1128 3622 quae

108 3619 142 3674 iu
151 3622 291 3688 prooemio
303 3623 443 3689 pollicitus
460 3629 504 3678 est.
534 3623 675 3678 deuteutia
692 3624 780 3691 ioitur
798 3628 822 3675 et
839 3623 985 3677 cousdium
998 3625 1129 3694 prooemii

165 3729 279 3768 Firmium
293 3729 411 3770 Metemua
426 3731 461 3770 ed,
477 3731 599 3780 ztegler.
878 3739 879 3744 ’
953 3719 967 3768 l
