2684 4062
323 212 372 267 ns
391 211 540 267 RRRoRR
558 172 754 266 RRoR'Rnn.
775 211 851 267 oar.
865 211 930 266 xvi
1088 183 1134 276 59

122 401 230 442 rorum.
276 383 354 442 Nam
377 383 572 442 inhonorem
595 381 750 440 hominum
767 381 951 458 perditorum
975 380 1063 441 aedes
1081 401 1135 457 pro

7 491 13 504 '
123 472 285 548 sepulchris
307 472 476 532 miseranda
498 471 654 529 hominum
677 472 805 530 servitus
828 471 907 530 tecit.
943 471 1001 530 Hic
1025 489 1136 529 crema·

122 565 224 620 torum
246 580 403 638 corporum
427 561 549 620 favillae
568 563 732 635 servantur,
751 561 799 619 hic
820 561 931 620 'cineres
949 563 1136 619 mortuorum

123 651 294 727 inreligiosa
321 652 386 727 lege
414 651 594 724 conduntur,
623 651 658 708 ut
686 650 858 708 acerbarum
884 652 1028 708 mortium
1051 667 1136 708 casus

98 740 286 799 scottidiano
315 741 505 800 victimarum
539 741 682 816 sanguine
717 740 934 812 recrudescant,
970 742 1005 798 nt
1040 738 1136 798 tristis

14 824 18 834 ’
124 830 346 888 lamentationis
370 829 465 888 exitus
488 832 648 888 renovatus
673 830 778 887 annuis
802 828 932 887 luctibus
954 831 1136 904 renascatur,

123 921 158 977 ut
180 921 293 996 sopitos
316 919 403 977 fletus
425 919 573 978 recentior
594 917 729 978 ululatus
753 921 893 994 exagitet,
919 917 1137 1002 uthparricidia

122 1008 171 1067 vel
193 1009 306 1067 incesta
329 1008 378 1067 vel
399 1011 510 1067 mortes
534 1025 569 1064 ex
592 1025 743 1066 sacrorum
765 1006 827 1064 ritu
849 1007 957 1066 misera
979 1026 1062 1066 mens
1085 1007 1137 1065 ho·

123 1099 238 1156 minum
262 1100 292 1155 et
311 1087 409 1155 'colere
433 1097 530 1156 discat
552 1098 583 1155 et
604 1097 710 1155 facere.
756 1096 950 1172 Amputende
973 1099 1043 1155 sunt
1065 1097 1139 1155 haec
1157 1112 1173 1159 4

84 1208 110 1246 m
125 1186 317 1245 sacratissimi
340 1188 543 1261 imperatores,
567 1187 686 1261 penitus
710 1189 800 1261 atqua
823 1185 957 1260 delenda,
979 1183 983 1264 Ι
1003 1188 1034 1244 et
1057 1201 1190 1249 seva-fot
1203 1195 1244 1238 16'

124 1276 250 1334 rissimis
278 1274 441 1334 edictorum
468 1278 636 1334 vestrorum
663 1275 779 1351 legibus
807 1276 990 1353 corrigenda,
1013 1294 1050 1333 ne
1073 1274 1139 1332 diu·

124 1367 185 1423 tius
208 1364 376 1422 Romanum
399 1363 499 1422 orbem
522 1365 773 1440 praesumptionis
795 1365 883 1422 istius
904 1383 985 1422 error
1003 1365 1139 1423 funestus
1231 1393 1234 1403 ν

124 1454 295 1527 immaculet,
323 1472 359 1511 ne
387 1454 546 1528 pestiferae
574 1453 795 1512 consuetudinis
823 1453 1012 1512 convalescat
1038 1454 1139 1528 inpro-

125 1542 213 1617 bitas,
236 1561 273 1600 ne
297 1543 433 1618 quicquit
455 1543 632 1601 homiuem
655 1543 712 1600 dei
735 1545 860 1600 conatur
881 1542 1003 1618 perdere
1027 1542 1140 1602 diutius
1217 1579 1218 1584 κ

85 1651 111 1690 re
125 1633 158 1690 in
180 1634 262 1691 terra
284 1631 460 1691 dominetur.
496 1631 613 1690 Nolunt
632 1632 754 1706 quidam
773 1634 803 1689 et
826 1633 1004 1709 repugnant,
1028 1634 1058 1690 et
1081 1631 1139 1689 exi-

125 1723 202 1780 tium
233 1741 320 1780 suum
350 1739 446 1796 prona
476 1721 640 1796 cupiditate
671 1720 848 1780 desiderant.
896 1719 952 1780 Sed
984 1719 1140 1780 subvenite

125 1810 250 1885 miseris
277 1811 401 1869 liberate
429 1814 596 1886 pereuntes.
642 1810 691 1867 Ad
717 1810 773 1868 hoo
795 1810 880 1869 vobis
908 1810 979 1869 deus
1008 1811 1140 1870 summus

126 1901 274 1959 commisit
301 1901 468 1975 imperium,
496 1903 531 1958 ut
558 1919 611 1974 per
633 1919 686 1958 vos
711 1900 839 1958 vulneris
865 1900 952 1958 istius
976 1900 1068 1977 plaga
1091 1918 1140 1957 ou-

126 1992 214 2048 retur.
260 1989 415 2049 Facinoris
442 2008 543 2049 eorum
571 1990 737 2064 periculum
765 1991 887 2064 scimus,
917 1989 1025 2048 erroris
1052 1993 1141 2048 notae

85 2096 113 2136 ao
127 2082 196 2138 sunt
218 2097 339 2153 poenae,
363 2079 413 2138 sed
437 2079 543 2137 melius
567 2081 612 2136 est
634 2082 668 2137 ut
690 2078 823 2137 liberetis
847 2078 964 2152 invitos,
989 2097 1078 2153 quam
1107 2082 1141 2137 ut

126 2168 294 2227 volentibus
323 2169 491 2227 concedetis
520 2167 651 2226 exitium.
697 2167 895 2244 Aegrotantes
919 2168 1069 2226 contraria
1092 2168 1177 2229 de-5

126 2258 246 2330 leotant,
266 2259 296 2314 et
315 2276 382 2315 cum
400 2275 506 2333 corpus
523 2253 653 2316 hominis
673 2257 797 2315 adversa
816 2256 950 2316 valitudo
968 2257 1142 2332 possederit,

127 2349 231 2404 contra
258 2348 385 2405 salutem
413 2365 499 2406 suam
527 2365 544 2405 a
571 2345 777 2405 laborantibus
804 2364 945 2421 perversa
968 2349 1141 2421 poscuntur.

129 2433 224 2509 Capta
251 2453 334 2494 mens
361 2436 515 2513 languoris
543 2437 619 2494 vitio
646 2435 819 2495 morborum
844 2453 959 2511 semper
980 2438 1142 2511 augmenta

87 2541 114 2581 ss
129 2523 291 2597 desiderat,
326 2527 356 2582 et
392 2525 522 2583 medelas
564 2524 712 2583 artificum
753 2527 913 2599 aspernata
949 2526 1143 2599 contempnit,
1222 2529 1225 2534 ’

127 2615 243 2689 respuit
272 2614 403 2671 remedia
433 2613 606 2687 medicinae,
638 2617 669 2672 et
700 2616 732 2671 in
765 2614 888 2672 exitium
926 2631 1011 2672 suum
1048 2632 1144 2688 prona

221 2799 256 2856 14
278 2809 301 2856 1.
319 2802 387 2855 Tim.
403 2801 448 2855 VI
459 2809 492 2857 11
512 2809 538 2857 et
554 2809 580 2859 2.
600 2804 667 2857 Tim.
683 2805 739 2856 ΙΙΙ
753 2808 798 2869 17,
817 2804 851 2870 cf.
868 2808 912 2869 70,
921 2807 958 2858 23
974 2803 1043 2870 (St).

218 2945 324 3000 aferic
343 2945 388 3011 St,
407 2943 438 2999 fit
458 2945 490 3011 P,
510 2945 578 3000 facit
597 2947 643 3001 Fl.
716 2944 889 3000 daceruard
907 2948 941 3000 P.
1014 2945 1146 3000 brecru·

128 3019 245 3072 descant
264 3020 321 3082 Ba,
339 3017 517 3071 recrudescat
536 3019 568 3072 P.
660 3018 705 3072 dd.
716 3037 746 3086 p.
763 3017 800 3070 lb
819 3019 979 3087 repugnant
1002 3023 1026 3071 et
1045 3015 1083 3070 20
1101 3017 1145 3070 in-

128 3091 200 3144 vitos
219 3090 285 3144 odd.
345 3088 383 3143 22
402 3088 553 3158 possiderit
572 3090 604 3143 P.
679 3089 716 3142 24
735 3106 873 3158 moruorzp
892 3091 925 3143 P.
999 3087 1038 3141 Rc
1056 3105 1144 3141 reme·

128 3163 177 3216 dia
195 3179 263 3217 corr.
279 3163 308 3216 P
318 3179 353 3215 ec
370 3159 504 3227 remedie,
519 3161 591 3230 quod
605 3161 800 3229 praeferebant
815 3178 860 3230 pr,
874 3161 920 3215 sed
934 3177 958 3214 e.
973 3159 1011 3216 St
1024 3166 1049 3214 ct
1062 3164 1108 3225 40,
1117 3165 1144 3215 2.

220 3324 235 3378 7
255 3323 292 3391 cs.
306 3323 345 3377 ad
364 3327 442 3390 0314.
536 3321 572 3375 13
593 3321 683 3376 Mate.
699 3325 791 3390 95,16
815 3321 901 3376 crevit
924 3319 1089 3389 inprobitas.
1109 3319 1144 3386 cf.

128 3395 167 3449 ad
184 3401 264 3459 40,1.
348 3395 386 3448 lo
406 3392 723 3449 Mata.LXXV1⁰Ir
746 3409 834 3462 prona
861 3392 963 3446 mentis
987 3389 1145 3460 cupiditate

130 3465 300 3520 desiderans.
320 3467 355 3534 cf.
371 3467 408 3520 ad
422 3470 522 3533 29,17.
592 3463 630 3517 26
650 3465 740 3518 Maia.
757 3463 873 3519 01νί
885 3469 921 3518 40
934 3479 1023 3561 prono
1039 3462 1144 3516 animo·

129 3537 223 3590 sitatis
242 3539 343 3592 studio.
383 3537 451 3591 ΟΨ
465 3539 485 3591 Ι
500 3541 536 3592 24
555 3549 644 3605 prona
658 3535 846 3589 animositate.
881 3535 932 3590 GV
956 3535 1043 3589 1127
1056 3550 1146 3602 prona

128 3607 256 3662 libidinis
275 3609 455 3663 animositate
475 3608 620 3662 festinans.
693 3609 727 3675 cf.
743 3607 776 3661 dc
794 3612 905 3672 err.24‚
921 3612 946 3660 1.
