2698 4068
603 229 653 290 §3
1060 223 1136 276 XVII

118 393 276 455 attributis
299 395 453 453 vocativus
478 396 613 472 augetur,
635 412 746 453 novum
766 392 853 451 colon
870 391 984 451 factum
1002 392 1137 451 clausula

120 486 291 543 exornatur.
328 480 377 542 Of.
397 482 472 540 VIII
492 485 509 542 1
536 483 606 558 Quis
625 500 676 541 ros
694 483 797 541 cadmei
814 483 943 540 hommes
962 473 1135 563 (namot)

120 579 149 632 et
169 591 223 646 per
247 573 307 631 dies
331 573 461 644 simules
478 589 591 630 smmmo
610 573 661 632 eleo
680 573 775 630 coriis
795 572 948 643 emeritus
967 571 1137 629 rebellamus

121 652 353 744 (.oo-o-o-.0)‚
377 661 417 718 ad
438 662 510 721 hot.
527 709 554 721 ..
578 659 664 720 Adde
687 660 758 718 XIX
779 650 838 740 l.¹)
1114 732 1116 737 Ι

214 751 242 810 5.
267 749 437 809 Sententiae
454 750 603 829 longiores
625 752 658 808 in
679 751 796 808 minora
814 748 947 808 membra
964 746 1139 808 dividuntur

120 843 156 898 im
189 838 338 898 clausulas
369 839 553 914 rhythmicas
584 839 733 914 cadentia,
765 840 802 896 ut
824 837 965 912 cuiusque
989 839 1139 896 structura

122 932 155 988 et
185 927 341 1005 dispositio
372 929 572 1003 commendat,
603 928 654 987 sed
677 928 732 987 hcc
762 926 934 1002 saepissime
963 926 1139 986 observatur

124 1016 315 1077 substantiva
334 1035 400 1076 cum
418 1017 689 1092 praepositionibus
709 1018 824 1076 structa
842 1016 983 1075 clausulis
1002 1015 1138 1074 formatis

123 1126 143 1166 a
167 1105 273 1165 ceteris
297 1106 429 1166 eiusdem
443 1108 592 1164 enuntiati
605 1105 745 1165 membris
760 1104 896 1179 discerni,
919 1105 1003 1163 velut
1025 1104 1056 1162 Π
1075 1106 1093 1161 2
1111 1150 1139 1162 ..

123 1201 151 1256 et
164 1214 221 1269 per
244 1212 341 1253 ermes
370 1193 436 1252 Nili
464 1197 597 1268 firminis
626 1197 709 1268 ripas
732 1186 849 1276 (mm)
883 1195 984 1253 miseri
1013 1193 1141 1266 eorporis

120 1285 307 1358 palpitantia
319 1283 449 1341 membra
462 1285 594 1356 proiecit.
621 1283 653 1341 Π
672 1284 690 1341 5
708 1329 713 1340 .
730 1329 735 1340 .
753 1287 806 1341 mi
825 1300 858 1342 er
875 1285 943 1356 ipsc
960 1300 1017 1354 per
1035 1286 1141 1340 ueteres

125 1371 316 1430 corscimtice
343 1373 488 1430 cicatrices
518 1363 635 1454 (.o..u)
664 1373 843 1430 credemibus
870 1373 1035 1430 homiuibus
1062 1371 1142 1429 sutc-

126 1461 201 1517 tcris
223 1460 337 1517 samem
359 1461 503 1534 imipetrr
521 1463 551 1518 et
573 1464 635 1518 tam
654 1460 750 1519 multa
773 1461 833 1518 alia
852 1463 922 1518 sunt
941 1459 1085 1535 exempla,
1107 1460 1143 1516 ut

125 1548 217 1624 plura
238 1546 287 1606 hic
311 1547 473 1606 exscribere
495 1548 623 1608 taedeat.
668 1549 732 1607 Nec
754 1547 1038 1624 praetermittendae
1062 1547 1141 1605 deni.-

126 1655 185 1712 que
208 1639 375 1695 structurae
398 1637 603 1713 participiales
628 1628 677 1717 (cf.
704 1637 826 1696 Norden
844 1637 863 1696 l.
879 1656 902 1696 c.
917 1657 945 1712 p.
963 1638 1026 1696 378
1052 1629 1143 1716 adn),

127 1744 204 1803 quae
228 1726 290 1784 sive
314 1725 440 1785 ablativi
463 1729 533 1785 sunt
551 1725 683 1785 absoluti
706 1726 767 1786 sive
790 1727 952 1802 participia
975 1726 1142 1801 coniuncta,

126 1834 182 1890 per
213 1833 243 1874 sc
276 1815 333 1874 coli
365 1817 429 1874 vIcc
461 1815 548 1893 fungi
579 1815 781 1892 clausulisque
815 1815 895 1874 finiri
919 1816 1028 1890 solent,
1060 1814 1144 1873 velut

127 1902 158 1961 ΙΙ
179 1905 264 1963 6...
288 1906 481 1963 devectionem
504 1921 569 1962 cero
598 1923 663 1964 cmm
690 1907 790 1979 smper
815 1906 952 1979 periistis
983 1908 1077 1963 terroe
1099 1905 1143 1976 fo-

128 1997 222 2050 mento
245 1998 394 2066 conceptue
418 1983 561 2074 (-ῡ..ῡ)
589 2012 693 2053 armac
719 2011 824 2053 rmsms
847 1996 990 2068 coeperint
1006 2009 1144 2066 procrea-

129 2083 205 2140 tiore
225 2085 368 2156 pmercri.
414 2081 461 2140 III
481 2084 499 2140 3
516 2127 522 2140 .
538 2127 544 2140 .
561 2129 566 2140 .
586 2085 637 2141 sed
659 2085 711 2142 troo
733 2085 797 2156 apis
824 2087 857 2141 rt
885 2085 994 2142 cummis
1021 2082 1145 2142 tactibus

129 2175 284 2243 occupatas
309 2162 338 2252 (-
376 2163 460 2250 mo)
484 2173 574 2230 ritum
595 2190 708 2245 emmer
736 2173 837 2246 sapias
859 2176 980 2230 mortem
1001 2171 1144 2242 requiras.

129 2259 203 2317 XIII
224 2262 308 2319 1...
329 2263 363 2318 ret
392 2265 418 2318 et
445 2261 533 2318 icius
562 2264 662 2334 irrepta
690 2262 851 2334 fropititute
880 2263 988 2320 detecto
1020 2250 1145 2341 (msa)

131 2349 170 2407 ad
193 2351 323 2408 veritatis
346 2351 497 2408 exordium
515 2351 722 2408 mediocritatis
744 2354 861 2408 rostrae
879 2367 972 2408 sermo
991 2352 1145 2407 reuocetur.

219 2437 275 2496 His
294 2437 415 2512 quidem
433 2437 564 2497 breviter
583 2438 733 2497 adnotatis
757 2440 858 2514 potius
878 2457 967 2512 quam
987 2438 1147 2515 diligenter

132 2525 293 2599 exploratis
311 2517 357 2566 —'
374 2527 516 2601 quoniam
538 2527 634 2586 fusius
658 2527 694 2586 de
717 2546 751 2585 eo
777 2529 951 2605 argumento
975 2545 1063 2604 agere
1087 2545 1147 2584 non

133 2616 178 2672 est
200 2613 289 2672 huius
312 2613 379 2688 loci,
403 2615 455 2674 sed
472 2615 667 2676 fundamenta
685 2619 805 2675 tantum
818 2615 961 2690 iacienda,
985 2618 1021 2675 ut
1043 2618 1147 2674 nostra

133 2703 165 2759 in
187 2702 243 2761 hac
266 2702 395 2761 editione
419 2703 623 2783 distinguendi
652 2707 730 2763 ratio
754 2707 784 2764 et
807 2708 973 2781 exponatur
994 2707 1026 2764 et
1049 2704 1146 2763 delon·

134 2790 221 2850 datur
243 2823 288 2832 -
309 2791 370 2850 iam
393 2795 477 2868 patet
501 2813 566 2852 cam
592 2794 783 2870 periodorum
806 2794 1043 2869 distinctionem,
1072 2812 1148 2869 quae

134 2881 274 2940 clausulis
302 2880 444 2957 efficitur,
477 2883 601 2943 eandem
629 2902 703 2956 esse,
733 2903 794 2960 qua
821 2875 949 2942 latiales
977 2885 1009 2942 iu
1037 2881 1147 2941 fabulis

136 2969 321 3030 Terentianis
340 2989 411 3031 usus
430 2973 483 3046 est,
508 2975 598 3048 atque
622 2972 703 3031 omni
727 2992 761 3032 ex
781 2973 868 3049 parte
886 2976 921 3031 ut
940 2974 1001 3030 iam
1020 2971 1148 3030 dinmus

135 3061 280 3118 consentit
311 3060 407 3137 ipsius
430 3060 563 3120 Palatini
594 3060 703 3120 codicis
737 3061 898 3121 distinctio.
953 3061 1016 3119 Nec
1048 3063 1149 3119 tamen

224 3317 250 3386 1)
270 3315 310 3371 Cf.
326 3320 449 3387 (praeter
467 3319 608 3373 Kauerurn
627 3318 646 3373 l.
663 3335 685 3372 c.
701 3338 728 3388 p.
744 3324 777 3372 67
788 3335 848 3387 sqq.
864 3321 893 3373 et
910 3318 1074 3372 Nordenum
1092 3316 1110 3372 l.
1126 3335 1148 3372 c.

136 3404 161 3456 p.
177 3392 228 3441 378
248 3388 323 3458 adn.)
361 3389 408 3443 rr.
430 3389 538 3460 Sylla,
563 3389 624 3456 Qua
647 3391 757 3444 ratione
780 3393 881 3459 poetae
903 3393 1010 3444 veteres
1029 3390 1150 3444 Romani

137 3457 164 3510 in
186 3459 349 3515 hexametro
374 3476 471 3515 sensus
496 3462 682 3516 interstitium
706 3461 912 3528 collocaverint,
945 3459 1149 3515 Vratisl.1906

137 3528 206 3583 Diss.
222 3531 326 3601 inaug,
346 3535 409 3586 sent
432 3533 518 3586 contr.
532 3533 557 3587 l:
579 3533 706 3587 ‘Veteres
725 3550 816 3602 neque
834 3536 899 3587 aute
918 3549 1009 3602 neque
1025 3533 1090 3601 post
1103 3549 1151 3585 vo-

139 3600 258 3656 cativum
277 3605 372 3658 nostro
392 3621 468 3658 more
486 3604 714 3674 interpunctione
732 3605 777 3659 uei
797 3606 881 3659 sunt'

188 3709 301 3752 lllrmlcus
315 3712 433 3753 Maternus
448 3711 481 3751 ed.
497 3713 618 3762 Zlegler.
972 3693 990 3747 b
