2684 4062
215 216 258 280 36
568 214 706 269 FlRMICI
724 213 892 288 Massam

179 404 195 451 2
216 384 415 444 Simulacrum
442 385 498 443 hcc
521 384 659 442 Troianis
683 383 792 442 Abaris
816 383 951 443 vendidit
979 381 1081 442 stultis
1104 379 1231 439 homini*

103 492 145 539 soz.
158 485 201 530 Μ’
216 475 271 534 bus
295 493 373 534 vana
396 475 581 550 promittens,
614 471 806 531 Vendebatur
829 472 901 532 deus
917 462 922 552 Ι
938 475 973 530 ut
995 471 1149 547 prodesset
1172 488 1231 528 em-

214 566 304 640 ptori,
328 566 358 622 et
381 566 497 638 emptor
519 563 695 638 suppliciter
718 561 863 620 adorabat
886 562 1024 636 quicquit
1046 559 1139 635 paulo
1163 562 1232 616 ante

215 652 332 713 viderai
359 652 575 711 subhastatum.
622 650 798 709 Substantia
827 656 926 710 autem
954 649 1107 708 simulacri
1137 648 1231 722 ipsius

216 762 251 801 ex
281 741 395 800 ossibus
428 740 547 815 Pelopis
581 743 633 799 est.
681 739 712 798 Si
742 740 874 798 humana
906 741 952 798 vis
981 738 1076 796 Abari
1108 738 1231 796 miseros
1261 756 1273 794 s

216 832 350 889 homines
374 848 442 889 ossa
464 831 609 904 venerari,
632 830 760 904 purioris
780 828 880 887 saltim
900 831 930 887 et
948 828 1085 888 castioris
1102 825 1231 884 bominis

215 920 358 996 reliquias
387 919 502 997 collige.
548 917 680 978 Accedat
711 918 792 976 idolo
821 917 901 994 quod
928 917 1011 992 facis,
1040 936 1075 976 ex
1104 914 1231 974 hominis

216 1009 379 1069 virtutibus
407 1010 555 1066 meritum.
600 1008 708 1082 Pelops
735 1007 766 1065 11
794 1007 908 1066 deliciis
936 1007 1079 1065 amatoris
1107 1004 1174 1077 fuit,
1202 1006 1233 1062 et

216 1099 269 1156 diu
296 1099 452 1173 prostituti
479 1097 601 1171 pudoris
630 1097 738 1154 damna
765 1096 916 1155 sustinuit.
964 1094 1022 1154 Sed
1048 1111 1102 1153 neo
1128 1093 1231 1152 adulto

217 1187 245 1244 ei
269 1187 364 1246 scelus
393 1186 501 1245 defuit:
530 1205 597 1244 cum
624 1185 707 1250 ouius
734 1184 829 1243 filiam
854 1184 978 1261 petebat
1005 1183 1109 1243 fraude
1132 1181 1232 1259 prodi·
1247 1201 1274 1239 11

217 1275 291 1334 toris
320 1275 436 1350 occidit,
463 1274 646 1355 proditorem
674 1276 765 1332 etiam
793 1275 892 1351 ipsum
916 1275 1053 1349 periurus
1076 1272 1232 1349 adgressus

218 1373 272 1438 est,
300 1368 330 1424 et
356 1384 393 1423 ne
420 1366 567 1440 promissa
594 1364 730 1422 redderet
757 1363 900 1440 praemia,
927 1364 1006 1421 hunc
1031 1361 1158 1420 eundem
1181 1380 1234 1436 per

218 1454 347 1530 abrupta
373 1453 551 1530 praecipitia
578 1453 711 1512 iactavit.
758 1454 804 1511 En
833 1454 915 1511 cuius
946 1453 1041 1512 electa
1064 1453 1134 1510 sunt
1157 1468 1232 1526 ossa,

182 1548 252 1607 tui
275 1543 346 1602 deus
370 1543 454 1602 fieret
477 1543 528 1618 qui
551 1542 640 1600 urbes
664 1546 694 1600 et
716 1561 809 1620 regna
831 1544 971 1601 servaret.
1017 1540 1076 1599 Sed
1098 1558 1151 1599 nec
1174 1557 1233 1598 ser-

216 1633 301 1693 vavit
324 1631 485 1707 aliquando
509 1649 562 1690 neo
585 1631 707 1707 profuit,
732 1631 761 1689 et
781 1631 853 1706 quid
872 1649 902 1690 se
921 1632 1041 1688 maneat
1060 1649 1095 1688 ex
1113 1629 1233 1687 urbium
1249 1649 1275 1687 15

215 1722 249 1780 in
271 1721 378 1797 quibus
402 1722 462 1780 fuit
485 1720 602 1808 casibus
620 1720 705 1779 vidit.
738 1721 864 1779 Incensa
883 1722 928 1779 est
947 1719 1037 1778 Troia
1061 1737 1078 1776 a
1098 1716 1231 1776 Graecis·

217 1830 236 1870 a
259 1808 353 1870 Gallis
376 1811 480 1884 Roma,
508 1812 538 1868 et
565 1828 600 1868 ex
628 1812 754 1885 utroque
783 1809 919 1868 incendio
942 1807 1120 1867 Palladium
1141 1811 1233 1866 reserss

159 1919 161 1924 ’
217 1903 322 1959 vatum
354 1901 407 1974 est,
440 1899 492 1957 sed
522 1902 707 1958 reservatum
739 1917 798 1956 non
828 1898 957 1973 propriis
989 1896 1152 1955 virtutibus
1183 1896 1234 1956 sed

218 1989 348 2047 humano
376 1988 534 2065 praesidio.
580 1988 628 2046 Ab
657 1990 784 2063 utroque
810 1989 890 2045 ’11111
914 1989 980 2046 1111
1004 1988 1138 2045 homines
1160 1986 1234 2044 libe·

218 2080 297 2152 rant,
334 2079 364 2136 et
395 2077 577 2136 translatum
609 2080 654 2135 est
688 2096 724 2135 ne
745 2076 886 2135 'humano
919 2076 1059 2152 flagraret
1088 2075 1233 2135 inccndio.
1250 2094 1277 2131 11
1310 2081 1330 2118 ὃ

219 2168 316 2226 Tanto
340 2167 456 2224 numini
478 2167 609 2225 humana
632 2167 753 2224 fuerunt
775 2165 925 2242 praesidia
947 2164 1122 2242 necessaria,
1145 2167 1176 2222 ct
1197 2184 1235 2222 ne

220 2256 337 2316 arderet
359 2257 524 2314 humanum
547 2256 696 2331 quaesivit
719 2255 871 2313 auxilium.
906 2255 1054 2313 Dilatum·
1067 2251 1113 2312 est
1136 2253 1235 2312 Palla-

220 2345 303 2403 dium
331 2344 368 2403 ab
396 2344 532 2404 incendic
560 2363 620 2403 non
642 2344 812 2405 liberatum.
859 2343 928 2403 Stat
950 2336 1110 2402 sententia
1135 2344 1237 2416 manet

219 2454 325 2510 poena,
348 2434 427 2511 ignis
451 2433 603 2492 imminet·
618 2434 697 2510 ignis
725 2437 845 2510 urguet,
870 2444 958 2508 quem
981 2431 1077 2492 vitare
1101 2451 1160 2491 non
1183 2451 1236 2507 po·

184 2541 201 2588 4
221 2523 299 2582 terit.
336 2523 402 2582 Iam
420 2524 552 2598 parturit
569 2523 689 2582 flamma
709 2523 853 2597 caelestis,
876 2525 937 2581 iam
959 2521 1077 2580 divinae
1102 2520 1279 2580 11111111-25

222 2613 366 2672 versionis
389 2614 573 2671 monstratur
598 2612 751 2686 adventus,
774 2614 836 2669 iam
859 2611 977 2670 futurae
1001 2610 1093 2669 cladis
1116 2609 1236 2668 nuntia-

221 2706 272 2762 tur
295 2701 428 2760 exitium.
461 2701 497 2758 In
519 2702 576 2760 hoc
598 2701 734 2760 incendio
758 2699 928 2759 Palladium
950 2699 1080 2758 latebras
1103 2701 1236 2758 invenire

222 2810 283 2851 111
301 2791 419 2868 poterit.
453 2791 535 2868 Ignis
553 2792 610 2848 iste
630 2793 781 2849 scrutatur
801 2789 916 2848 abdita·
941 2791 1057 2865 quaerit
1075 2783 1235 2865 absconsal

313 2960 443 3013 lauaris
463 2962 496 3015 P.
588 2960 776 3013 buis·auari
795 2962 828 3014 P.
921 2959 956 3013 ll
976 2960 1103 3028 periurus
1124 2960 1156 3025 P,
1176 2976 1238 3027 per-

222 3032 301 3086 iuriis
316 3051 354 3101 pr
368 3039 479 3101 praeter
497 3033 554 3097 Ba,
574 3034 608 3098 of.
623 3031 668 3086 sl.
786 3031 822 3084 12
842 3032 868 3085 d.
879 3049 909 3100 p.
924 3031 1051 3099 praemia
1070 3032 1134 3085 cdd.

223 3103 260 3156 13
280 3121 342 3156 ossa
360 3105 392 3157 nt
408 3105 439 3157 P.
497 3100 534 3156 14
554 3105 679 3156 seruaret
693 3102 748 3156 Sed
762 3105 795 3157 P.
858 3102 895 3155 12
913 3101 987 3172 1111]
1003 3101 1065 3156 foco
1080 3103 1238 3157 81111123

222 3174 261 3229 ab
279 3175 402 3230 liberant
416 3177 449 3240 P,
463 3173 619 3228 liberarunt
634 3176 682 3229 Bu
692 3177 751 3241 Ha,
769 3176 803 3241 cs.
819 3175 863 3229 Sl.
916 3173 950 3226 ‘21
973 3173 1064 3226 'lanta
1079 3176 1113 3239 P,
1128 3191 1176 3227 em.
1188 3173 1243 3230 Pl,

223 3244 260 3300 24
280 3248 306 3301 d.
318 3264 347 3315 p.
364 3246 493 3299 imminet
512 3247 576 3300 add.

313 3389 330 3440 il
349 3387 496 3457 prostituti
510 3388 637 3457 pudoris:
652 3389 687 3454 of.
704 3390 755 3443 Mo
770 3393 814 3442 18.
878 3387 913 3441 11
934 3389 1097 3442 collectivum
1111 3387 1239 3456 periurus

222 3460 303 3514 octies
317 3461 348 3512 tu
359 3460 481 3513 Mctbesi
489 3467 662 3528 usurpatum,
671 3461 871 3515 substantivum
885 3459 1039 3528 periurium
1049 3459 1128 3513 semel
1138 3453 1241 3526 (123,AE

223 3530 318 3584 omnia
336 3530 521 3598 periuriorum
541 3536 665 3600 genera).
759 3530 794 3583 13
814 3533 848 3598 cf.
863 3531 902 3586 ud
919 3536 965 3597 23,
975 3535 1012 3586 23
1031 3537 1055 3585 ct
1074 3535 1153 3596 30,4.

224 3600 261 3654 28
281 3600 431 3655 absconsa:
449 3603 483 3669 cf.
501 3604 551 3656 Mc
562 3607 609 3657 10.
