2698 4068
524 234 525 240 =
551 227 560 260 μ
578 209 642 268 'ss‘ss
1022 205 1123 258 ¹'XXXV

107 373 205 438 utitur
229 370 267 429 ad
288 370 465 437 refellendas
483 373 676 447 profanarum
694 371 872 449 religionum
892 372 1126 448 superstitiones.

107 461 229 518 Etenim
260 461 286 519 si
314 461 483 519 memineris
513 462 611 536 capite
633 459 665 518 II
692 461 855 520 Firmicum
884 463 1022 522 tractatis
1052 465 1127 539 ipsis

109 546 236 608 Osiridis
260 549 351 608 sacris
375 549 411 608 de
435 549 585 626 physica
608 549 750 616 ratione
775 551 879 626 egisse,
903 570 992 627 quarn
1017 547 1129 612 ‘sacrae

107 659 175 696 rum
206 633 384 697 defensores’
411 630 507 717 (velut
529 638 727 714 Porphyrius,
757 639 792 699 cf.
816 639 891 697 XIII
910 631 945 721 4)
976 639 1127 717 adderent,

108 746 235 802 eamque
253 726 362 784 acriter
379 729 601 804 inpugnamus,
624 747 713 803 porro
733 730 759 787 si
776 730 808 786 in
828 729 926 804 capite
943 729 991 787 III
1009 729 1126 808 legeris,

108 835 191 892 quae
208 815 252 874 ibi
275 815 378 874 eodem
401 815 488 875 modo
511 816 608 891 primo
626 817 692 877 loco
716 817 751 876 de
774 817 847 892 ipsis
870 818 1126 895 MagnaeMatris
1229 881 1230 886 ,

108 908 148 971 et.
161 903 276 964 Attidis
309 906 421 979 sacris,
446 905 540 964 altero
573 905 609 964 de
640 907 765 981 physica
796 909 912 966 ratione
941 911 1128 983 enarrentur,

106 997 170 1052 iarn
188 995 325 1069 apertum
344 996 397 1068 est,
421 1012 550 1068 quonam
569 995 688 1054 vinculo
706 994 863 1055 Platonica
883 999 1000 1055 animae
1016 999 1126 1072 triper-

107 1084 178 1142 titio
209 1099 276 1141 oum
305 1083 450 1159 religione
479 1084 624 1143 triformis
648 1084 731 1143 illius
756 1085 971 1160 qualiscunque
993 1085 1130 1146 Hecatae

112 1205 154 1212 —
179 1190 262 1232 nam·
274 1167 407 1230 ‘Mitrarn
430 1167 527 1231 deam'
550 1192 666 1231 merum
680 1170 826 1231 Herodoti
845 1177 1044 1235 commentum
1064 1193 1126 1234 esse

107 1261 347 1337 necquicquam
375 1279 530 1320 commune
556 1262 664 1320 habere
692 1263 792 1337 ipsum
814 1262 957 1321 Mithram
980 1281 1047 1323 cum
1071 1264 1126 1323 dea

109 1350 176 1409 ulla
204 1350 336 1408 triformi
367 1349 498 1410 affirmat
529 1349 657 1410 Oumont
679 1352 697 1409 l.
722 1369 745 1409 o.
768 1350 800 1410 Π
823 1371 851 1427 p.
873 1354 912 1410 17
938 1383 982 1392 —
1005 1355 1125 1412 coniun-

110 1441 207 1516 gatur.
245 1439 302 1498 Hst
318 1439 444 1514 physica
466 1441 554 1514 ratic,
577 1442 622 1500 est
645 1439 809 1516 symbolica
826 1443 1046 1516 interpretatio,
1066 1460 1125 1516 qua

108 1527 275 1588 defensores
299 1546 450 1587 sacrorum
473 1527 556 1588 illius
580 1529 652 1588 deae
672 1527 850 1591 Ohaldaicae
875 1521 1018 1611 (Oumont
1036 1531 1125 1591 l.c.1

107 1637 136 1692 p.
162 1619 203 1676 29
232 1618 298 1676 adn.
326 1621 360 1691 73
388 1617 420 1674 H
442 1637 470 1692 p.
492 1620 532 1676 14
557 1618 637 1690 adn.;
661 1617 755 1691 Kroll‚
779 1619 815 1676 de
839 1637 915 1677 orac.
947 1618 1125 1695 Chaldaicis,

107 1706 231 1765 Vratisl.
258 1707 358 1780 1894,
379 1726 407 1781 p.
434 1698 581 1786 28sq.¹)),
615 1726 704 1782 quam
736 1710 846 1766 temere
878 1708 1025 1768 Firmicus
1058 1727 1125 1768 cum

106 1795 220 1853 Mithra
256 1797 455 1869 commiscuit,
496 1795 654 1854 conciliare
690 1797 850 1874 religiones
891 1796 1020 1857 traditas
1057 1817 1124 1856 cum

106 1884 244 1944 doctrina
279 1884 486 1961 philosophica
523 1884 690 1944 studebant,
751 1884 959 1945 Consentiunt·
982 1889 1061 1945 inter
1094 1906 1124 1946 se

106 1976 245 2037 accurate
268 1975 328 2032 tres
351 1973 423 2033 deae
447 1974 560 2032 formae
585 1977 615 2032 et
636 1978 697 2033 tres
722 1975 844 2035 animae,
866 1977 975 2050 partes.
1021 1975 1123 2034 Prima

105 2079 177 2138 pars
200 2081 277 2137 quae
305 2066 338 2120 ul
360 2068 477 2121 armato
501 2064 596 2137 clypco
626 2064 718 2122 lorica
745 2067 817 2122 tecto
841 2065 985 2123 adoratur
1008 2069 1125 2138 puriter

107 2156 351 2220 etccasccrutur,
382 2154 428 2210 ira
458 2156 503 2211 est
525 2153 558 2210 in
581 2154 679 2227 capite
703 2153 875 2211 constituta.
921 2153 1028 2212 Altera
1051 2153 1123 2213 deae

107 2259 185 2316 pars,
204 2259 278 2314 quac
291 2242 324 2300 tu
338 2243 451 2315 asperis
468 2243 638 2314 senemque
655 2242 798 2300 silvorum
817 2244 974 2316 cyreslc'um
991 2244 1124 2315 ferorum

106 2332 228 2388 sortc‘tur
249 2332 414 2403 cuparum,
437 2331 482 2388 ita
498 2330 538 2388 ad
562 2334 691 2389 mentem
715 2330 840 2390 alteram
863 2333 980 2390 animae
1007 2335 1127 2408 partem

106 2419 248 2495 refertur,
277 2421 312 2476 ut
342 2437 392 2477 cor
421 2421 453 2477 in
484 2437 542 2495 quo
571 2438 654 2478 mens
677 2419 812 2494 ponitur,
843 2420 1028 2478 diuersorum
1050 2424 1124 2494 copi-

106 2510 249 2568 talc'oawm
271 2509 448 2577 ceruleum,
477 2526 550 2581 quos
577 2508 910 2581 multiplicaturum
937 2511 1123 2582 occupamus,

105 2599 139 2654 iu
161 2598 279 2655 modium
302 2597 447 2656 suenum
469 2602 562 2657 tenere
585 2597 709 2656 dicatur.
748 2597 849 2655 Tertia
868 2597 999 2657 Hecatae
1017 2599 1124 2676 forma,

106 2703 181 2760 quoe
213 2686 368 2744 libidinum
400 2688 479 2755 ulos,
511 2703 585 2759 quac
610 2704 710 2759 preco
744 2686 900 2756 desiderio,
934 2704 1009 2760 quoe
1035 2706 1124 2761 prac-

101 2779 237 2848 posterae
269 2776 436 2847 cupc'dc'tulc's
467 2779 610 2834 monstrat
644 2776 816 2843 inlecebras,
853 2775 974 2835 tertiam
1007 2778 1124 2836 animae

106 2867 223 2940 partem
246 2863 395 2941 significat
416 2865 450 2922 in
472 2865 568 2923 iecore
591 2867 792 2939 constitutam,
817 2867 894 2924 uude
917 2866 1006 2924 libido
1028 2869 1124 2925 uaso-

107 2958 156 3012 tur
179 2957 206 3012 ct
227 2953 368 3025 octuplus.
414 2953 479 3010 Iam
501 2953 579 3010 nihil
601 2953 656 3012 hoc
678 2953 743 3012 loco
767 2953 934 3013 obscurum.

196 3041 267 3117 Oap.
291 3042 320 3099 V
339 3043 357 3100 3
383 3042 455 3101 olim
478 3043 585 3100 incerti
608 3042 815 3116 haerebamus,
844 3043 988 3118 quidnam
1016 3063 1124 3102 manus

199 3177 222 3243 l)
241 3174 302 3228 Hoc
320 3175 382 3230 loco
401 3175 529 3244 inspecto
548 3191 698 3246 cognosces
715 3175 818 3229 mirum
833 3177 863 3229 in
877 3178 992 3230 modum
1007 3194 1124 3231 consen-

105 3246 160 3300 lire
179 3263 243 3300 cum
267 3245 396 3300 doctrina
419 3246 576 3301 al'irmico
599 3246 707 3301 tradita
727 3246 804 3301 locos
823 3248 979 3318 complures
997 3248 1123 3302 Platoni-

106 3333 200 3372 corum
229 3317 474 3386 philosophorum,
507 3317 609 3386 quibus
633 3318 667 3372 de
690 3318 799 3373 Hecate
824 3319 936 3373 animae
963 3319 1040 3374 fonte
1067 3320 1123 3372 dis-

106 3391 211 3456 serunt,
235 3389 393 3458 quibusque
417 3389 503 3442 etiam
529 3406 602 3458 quae
624 3389 697 3443 ratio
717 3389 755 3443 sit
772 3389 817 3442 illi
835 3390 959 3444 Hecatae
979 3407 1042 3445 cum
1061 3391 1122 3461 igni

106 3460 159 3514 deo
178 3459 344 3514 illustratur.
383 3459 461 3525 Quae
484 3460 525 3526 ibi
548 3460 671 3515 brevitor
694 3461 879 3530 stringuntur,
903 3461 1018 3516 Firmici
1042 3462 1121 3516 testi-

105 3530 200 3585 monio
219 3548 293 3586 nunc
313 3531 383 3586 satis
402 3531 548 3586 intellecto
567 3531 667 3585 melius
686 3532 870 3602 explicantur,
909 3533 950 3586 Dc
968 3534 1022 3588 hoc
1040 3551 1122 3604 argu·

105 3605 200 3656 mento
221 3602 342 3657 fortasse
362 3602 418 3658 alio
437 3602 499 3658 loco
518 3603 609 3656 fusius
628 3621 750 3674 agemus.

931 3691 964 3746 οῦ
