2684 4062
333 245 382 300 Da
401 244 550 301 ERRORE
568 245 671 302 Paos.
686 246 765 302 REL.
785 247 861 303 CAP.
877 248 928 302 XX
1094 250 1137 314 53

123 410 242 494 colligit
272 416 359 490 vires,
392 417 445 475 aut
477 417 556 475 corte
588 416 719 492 corporis
747 419 778 476 et
809 417 901 476 animi
934 417 1139 478 diversitatem

122 499 298 582 <exhibita>
316 505 430 563 homini
448 505 667 564 inmortalitate
690 507 849 580 consociat,
874 508 928 565 eut
950 506 1047 584 legem
1070 527 1138 585 pro·

122 594 249 672 mulget,
282 597 334 654 aut
366 597 470 653 contra
501 597 657 670 peccantes
683 597 889 655 testimonium
916 595 1061 671 perhibet,
1084 599 1139 656 aut

124 682 203 758 quod
236 687 280 742 cst
311 684 422 757 potius,
453 683 615 760 imaginem
643 683 755 743 diaboli
780 686 918 761 percutit,
943 687 977 744 ut
999 689 1138 760 superato

96 790 158 830 ooo
187 775 277 848 atque
304 774 472 848 prostrato·
489 774 519 831 et
547 773 579 830 in
607 773 735 831 cinerem
768 773 947 849 favillasque
979 789 1137 833 converso·

123 864 220 920 erecto
253 855 447 920 sublimitatis
475 879 545 920 suae
573 863 701 920 uertice·
716 881 825 936 purum
848 861 1061 922 dominationis
1084 865 1140 920 im-

123 951 238 1026 perium
261 945 352 1028 <sic>.

212 1038 274 1098 Vos
295 1058 374 1098 nunc
398 1037 555 1098 Constanti
578 1042 607 1099 et
627 1038 772 1098 Constans
796 1041 989 1100 sacratissimi
1010 1043 1138 1116 impera·
1159 1048 1174 1096 t

122 1129 212 1202 toric,
240 1131 270 1186 et
298 1126 483 1188 venerandae
510 1127 579 1186 fidei
607 1131 723 1188 vestrae
750 1129 939 1206 imploranda
961 1132 1057 1190 virtus
1085 1133 1139 1190 ast.

84 1214 222 1291 1uSupra
244 1217 378 1276 homines
402 1217 536 1294 erigitur,
559 1221 589 1276 et
612 1236 630 1275 a
656 1221 775 1276 terrena
798 1219 964 1296 fragilitate
982 1223 1139 1294 separatus

124 1306 296 1364 caelestium
323 1323 354 1364 se
380 1324 480 1364 rerum
507 1307 648 1365 societate
677 1307 840 1384 coniungit,
868 1309 921 1383 qui
945 1310 976 1367 in
1001 1308 1139 1368 omnibus

124 1393 240 1452 actibus
263 1395 325 1452 suis
347 1397 438 1470 prout
460 1397 559 1470 potest
582 1394 629 1454 (lei
656 1397 764 1454 summi
787 1398 922 1472 sequitur
944 1397 1139 1456 voluntatem.

123 1481 275 1540 Modicum
297 1478 457 1560 <tantum>
481 1485 616 1558 superest
646 1487 681 1543 ut
712 1484 829 1562 legibus
862 1486 970 1544 vestris
1002 1485 1139 1545 funditus
1207 1523 1210 1531 ,

123 1573 291 1647 prostratus
315 1571 452 1631 diabolus
474 1573 581 1644 iaceat,
603 1575 638 1632 ut
659 1575 807 1633 extinctae
828 1574 1018 1634 idololatriae
1037 1578 1140 1650 pereat

85 1680 109 1720 ιε
124 1660 243 1719 funesta
267 1661 413 1738 contagio.
445 1661 561 1721 Veneni
583 1661 672 1720 huius
696 1664 777 1720 virus
801 1665 932 1737 evanuit,
956 1665 987 1722 et
1004 1683 1058 1742 par
1076 1663 1139 1722 dias

124 1749 257 1826 singulos
281 1750 450 1810 substantia
472 1751 616 1826 profanae
639 1750 813 1825 cupiditatis
837 1755 976 1828 exspuat.
1024 1753 1141 1830 Rrigite

214 1918 228 1971 l
250 1920 325 1974 uires
340 1922 374 1987 P,
388 1921 424 1987 cf.
439 1921 506 1978 ΒΜ
517 1924 573 1976 293
587 1926 612 1975 ct
625 1920 727 1988 praef,
741 1923 839 1988 gentas
849 1939 895 1990 pr.
974 1921 992 1976 2
1013 1921 1142 1976 .x..l..ta

124 1992 159 2056 P,
177 1991 250 2060 quod
267 1993 459 2060 supplevimus,
482 2010 506 2046 a.
517 1993 618 2060 praef,
641 1991 792 2045 conciliata
815 1993 856 2047 uei
875 2010 908 2046 ex
927 1992 1031 2046 collata
1050 1995 1099 2048 Bu
1116 2001 1143 2048 ei

124 2061 404 2128 Hueiseu(inviolata
415 2063 477 2130 Fi).
516 2063 561 2119 dei.
567 2081 597 2132 p.
609 2061 626 2115 4
640 2062 736 2132 potius
745 2070 771 2117 et
785 2063 802 2117 ὃ
817 2067 990 2132 prostratoet
1003 2064 1022 2118 6
1037 2065 1141 2120 vertice

124 2133 189 2186 add.
224 2133 238 2186 7
255 2133 293 2186 sit
302 2137 410 2188 videtum
418 2135 514 2189 habere
524 2135 558 2202 P,
566 2151 590 2188 a.
594 2135 686 2202 praef.
692 2152 723 2202 p.
734 2134 830 2188 XLII
836 2135 986 2206 (‘mipiict'
994 2137 1142 2204 Huelseu);

123 2205 234 2259 uerbum
251 2207 428 2260 transitivum
446 2206 583 2260 desiderat
601 2205 647 2272 St,
667 2207 773 2258 statuat
792 2223 812 2260 e.
827 2224 851 2276 p.
864 2209 996 2275 propouit
1015 2208 1068 2262 Kr.

124 2273 143 2326 a
162 2275 188 2332 a.
204 2282 267 2330 aute
286 2279 315 2330 et
333 2275 398 2330 add.
454 2275 492 2330 10
511 2279 659 2346 separatur
675 2283 700 2331 et
718 2275 752 2329 11
775 2293 848 2346 quae
862 2295 917 2346 pra
931 2278 981 2348 qui
995 2296 1033 2348 pr
1046 2279 1143 2334 uarias

125 2345 281 2401 adhibeatis
304 2349 430 2414 uredeias,
453 2365 475 2401 a.
491 2350 582 2417 praef.
656 2346 692 2400 11
713 2365 746 2401 ue
771 2349 900 2402 societati
917 2349 1033 2404 scribere
1050 2351 1142 2418 maiis,

123 2419 159 2483 ef.
175 2421 221 2483 66,
230 2421 275 2472 25.
350 2417 388 2472 12
406 2420 511 2472 litteras
532 2421 592 2472 tatis
615 2419 688 2474 cocu
710 2417 858 2473 uoluntati
880 2422 922 2474 itu
939 2424 1080 2476 reuocauit
1097 2440 1142 2492 u„

123 2494 155 2542 ut
173 2491 268 2542 ueteris
285 2492 438 2557 comptiuae
460 2491 520 2544 sola
542 2492 634 2544 littera
653 2492 668 2543 ὁ
687 2491 787 2560 dispici
800 2492 897 2560 possit,
920 2494 964 2545 tat
982 2494 1143 2548 absemaiae

123 2561 189 2613 siut.
228 2559 265 2612 13
276 2559 390 2619 modici
403 2561 511 2616 uidetur
523 2561 620 2616 tubere
635 2562 668 2627 P,
688 2561 760 2630 quod
774 2564 938 2617 adiectiaum
952 2569 977 2617 et
990 2565 1022 2617 iu
1035 2571 1142 2618 semieu-

124 2631 193 2684 tiam
212 2631 333 2700 quadrat
350 2649 434 2700 aeque
455 2632 577 2686 aiieuum
595 2640 634 2686 est
657 2632 692 2688 ab
710 2650 764 2687 usu
782 2634 965 2688 Firmiciauo.
1029 2637 1143 2689 tautum

124 2704 286 2771 scripsimus
298 2718 361 2756 cum
373 2703 435 2757 Wo:
451 2710 560 2758 castam
573 2705 604 2756 iu
614 2707 696 2758 Pseu
705 2706 745 2759 cel
758 2712 856 2774 septem
865 2707 1009 2764 luctarum
1017 2708 1143 2777 uestigia,

124 2789 194 2844 quae
211 2789 279 2828 saue
292 2781 409 2841 possunt
427 2776 513 2842 fuisse
535 2773 615 2841 teliu,
639 2781 671 2830 ut
689 2776 731 2830 Fi
742 2777 790 2830 Bu
809 2784 833 2832 ei
856 2777 1014 2832 dubitanter
1025 2779 1082 2837 ,Ha
1106 2779 1142 2832 le-

122 2846 231 2916 pebaui,
245 2845 258 2896 t
272 2851 297 2898 ei
315 2843 326 2896 l
343 2846 411 2898 sutis
429 2851 516 2901 cerias
533 2853 621 2901 causet
639 2848 769 2902 Hueiseu.
823 2847 859 2903 15
879 2849 1012 2920 contagio
1031 2867 1100 2904 corr.
1115 2852 1145 2906 P

123 2933 158 2970 ea
176 2915 317 2984 contagia.
375 2915 401 2970 et.
412 2934 443 2985 p.
459 2919 574 2972 evanuit
593 2919 657 2972 add.

214 3057 228 3110 l
250 3075 320 3128 qu..·
338 3060 373 3126 cf.
383 3061 474 3130 praef.
514 3061 602 3115 Mati.
622 3057 791 3114 LXXXIX
795 3059 808 3086 '
822 3063 842 3114 I
857 3065 891 3116 41
916 3062 1041 3116 omnium
1059 3067 1143 3132 quat-

123 3131 187 3182 tuor
210 3129 413 3184 elementorum
437 3130 600 3186 diversitate
623 3131 787 3200 composita.
860 3132 988 3188 amau.
1003 3139 1076 3200 8,17
1098 3133 1142 3188 iu

124 3200 173 3268 qui
196 3201 360 3271 promulgas
382 3202 468 3272 leges.
577 3202 595 3256 3
618 3202 811 3256 testimonium
834 3203 982 3271 perhibere
1009 3206 1143 3260 meruimus

124 3273 302 3342 astrolopicus
316 3275 397 3328 uicies
410 3275 442 3328 iu
451 3273 574 3328 Maiiesi
588 3277 715 3334 iuceutus
728 3275 800 3328 uelut
815 3279 912 3341 57,22.
929 3280 973 3342 65,
982 3279 1029 3330 28.
1046 3281 1141 3341 74,18.

126 3348 168 3397 19.
187 3351 233 3402 cei.
308 3344 325 3399 5
351 3346 441 3400 Mutis.
461 3349 550 3411 33,15
574 3344 603 3398 in
627 3345 748 3400 cinerem
771 3345 939 3414 favillasque
963 3347 1142 3415 convertitur,

124 3416 159 3482 cf.
175 3415 226 3469 Mo
244 3419 290 3469 22.
382 3417 418 3469 10
443 3418 581 3469 terrenam
605 3414 792 3486 fragilitatem
815 3419 897 3473 habes
915 3422 987 3485 44,9
1006 3424 1031 3472 et
1050 3421 1141 3474 Mati.

125 3489 202 3552 12‚7.
221 3491 323 3553 21,28.
354 3486 494 3540 01‘118.
523 3490 558 3555 ef.
576 3488 685 3544 Maii.
710 3490 814 3546 Amol.
830 3490 935 3546 1V28.
992 3488 1029 3542 li
1050 3491 1142 3544 Malli.

126 3554 217 3612 0111τ
226 3559 248 3610 Ι
262 3562 297 3612 43
320 3559 405 3626 prout
427 3557 530 3626 potuit.
620 3558 657 3613 13
676 3559 840 3614 adiectiaum
859 3560 986 3613 modicus
1005 3561 1091 3615 decies
1110 3562 1143 3614 iu

124 3627 391 3696 Machameum.
413 3633 473 3696 143,
485 3634 510 3684 c.
531 3634 596 3696 ras,
607 3636 649 3685 19.
664 3635 733 3700 cet).
804 3630 841 3685 15
860 3633 895 3699 ef.
910 3632 949 3686 aa
967 3635 1065 3698 43,19.
