2698 4068
619 191 669 250 §b
1042 185 1156 238 XXXIX

140 355 244 415 statim
275 355 446 413 litterarum
479 357 508 412 in
543 353 642 412 codiee
672 355 799 430 vestigia
828 355 917 431 plane
940 357 972 412 in
996 373 1061 413 eam
1085 373 1156 429 qua-

141 444 227 502 drare
251 445 453 520 cognovimus.
490 442 641 502 Adiectivi
663 443 802 502 mantiae.
827 445 988 502 extremam
1015 443 1157 518 litteram,

141 551 218 609 quae
243 536 330 592 antea
354 552 372 591 a
396 532 559 610 legebatur,
583 536 660 590 certe
679 532 824 608 dispicere
843 551 902 592 non
925 532 1086 609 potuimus,
1106 532 1158 591 sed

143 622 271 680 duarum
293 623 450 682 hastarum
467 622 595 698 vestigia
613 641 672 680 non
691 623 833 680 malitiose
852 621 980 695 (famis),
1004 621 1055 680 sed
1067 621 1159 680 mali·

142 703 218 770 tiosrl
241 704 360 785 (aritia)
391 710 588 787 supplendum
619 728 681 770 esse
712 710 954 786 comprobabant.
1001 711 1060 768 Vix
1083 728 1157 786 opus

141 803 188 859 est
209 818 341 873 monere,
372 802 402 857 et
432 801 576 875 optimam
604 799 770 858 clausulam
792 799 835 858 sic
858 799 937 859 effici
961 791 1104 880 (mum)
1128 802 1159 857 et

142 891 322 949 structuram
352 888 432 964 apud
460 889 622 949 Firmicum
651 889 887 948 usitatissimam.
939 889 1018 947 Nam
1048 892 1078 947 et
1101 907 1158 947 vox

143 981 263 1037 anitium
282 978 319 1037 ab
343 997 377 1036 eo
401 979 571 1053 saepissime
596 978 634 1036 ad
652 977 837 1036 efficiendam
857 977 1022 1037 clausulam
1045 980 1077 1035 in
1099 977 1157 1035 fine

143 1068 201 1126 coli
223 1067 345 1143 ponitur
368 1058 538 1146 (duodecies
566 1069 597 1124 in
620 1086 679 1126 uno
702 1067 805 1125 libello
828 1068 864 1125 de
888 1059 1014 1147 errore),
1038 1069 1069 1125 et
1086 1066 1158 1126 talis

143 1158 206 1214 eius
229 1157 310 1216 vocis
335 1174 402 1214 eum
425 1157 562 1232 genetivo
587 1156 765 1231 explicatius
793 1159 945 1215 structura
967 1159 1031 1215 tam
1055 1155 1158 1215 erebra

143 1249 188 1304 est
220 1247 254 1303 ut
283 1244 416 1303 taedium
439 1247 557 1303 moveat
590 1235 640 1324 (cf.
667 1243 708 1304 Oi.
732 1246 848 1319 Macra,
880 1245 981 1304 Julius
1014 1246 1158 1304 Firmicus

143 1334 306 1409 Maternus,
329 1333 382 1391 der
404 1333 497 1391 Heldo
521 1333 582 1391 und
605 1333 657 1391 der
680 1331 788 1407 Christ,
806 1333 904 1392 Mchn.
930 1336 1024 1408 1897,
1043 1355 1071 1410 p.
1092 1325 1158 1412 22),

144 1426 174 1482 et
206 1423 276 1482 talis
309 1422 465 1482 verborum
498 1421 654 1482 collocatio
686 1423 789 1482 multis
819 1423 892 1482 locis
921 1422 1159 1499 deprehenditur,

142 1512 226 1571 velut
261 1509 365 1569 XVlH
393 1512 410 1569 6
454 1527 605 1570 annosum
640 1513 828 1584 paupertatis
867 1512 997 1570 imminet
1031 1513 1158 1584 pondus.

143 1601 235 1661 Matb.
262 1603 338 1675 274,
360 1602 400 1658 14
424 1601 524 1658 usuriis
546 1600 671 1659 uiolenta
699 1601 825 1659 deceruit
851 1601 955 1660 callia.
979 1601 1030 1658 fol.
1053 1598 1160 1657 Lxlx*

144 1690 198 1750 col.
221 1690 253 1748 Π
275 1710 303 1749 v.
329 1692 369 1748 18
393 1692 481 1748 citum
502 1691 604 1748 mortis
621 1693 823 1762 praeparatur
846 1691 974 1748 mitium.
1018 1688 1160 1747 LXXHI'

144 1779 327 1838 oollab
356 1781 474 1837 uarium
501 1779 676 1837 calamitatis
708 1781 821 1852 eaurpit
852 1780 978 1838 muium.
1024 1777 1161 1835 LXXIV‘

143 1868 197 1926 13
234 1870 364 1926 munima
400 1870 630 1941 infortuniorum
666 1867 860 1926 decernuntur
896 1869 991 1926 euitia.
1039 1866 1161 1924 LXXV‘

143 1956 229 2016 136.
254 1958 305 2014 42.
351 1955 577 2014 ΙιΧΧΨΙ44.
618 1955 757 2014 LXXXIv
774 1957 790 2014 I
810 1957 850 2014 34
875 1961 930 2015 oet.
967 1957 1105 2032 Denique
1124 1955 1160 2014 de

144 2064 241 2104 errore
261 2046 345 2103 XXV
360 2047 389 2120 3,
408 2065 496 2120 quem
519 2045 620 2104 locum
642 2065 671 2121 p.
690 2045 790 2104 XXIV
811 2049 890 2104 recte
914 2064 932 2103 a
955 2045 1039 2104 nobis
1064 2065 1160 2104 emen·

145 2135 249 2193 datum
272 2153 335 2218 asse
357 2153 435 2193 nunc
458 2153 518 2193 non
540 2134 672 2212 negabis.
691 2167 736 2175 —
759 2133 864 2193 Cetera
886 2138 965 2193 recte
988 2152 1021 2193 se
1042 2134 1161 2208 habent,

145 2228 179 2283 ut
208 2224 227 2282 l.
252 2242 276 2282 o.
299 2244 327 2300 p.
354 2226 416 2283 287
450 2225 652 2298 exposuimus,
684 2223 743 2282 nisi
776 2223 856 2298 quod
885 2226 993 2299 proin
1019 2241 1162 2282 carcerem

145 2315 295 2386 abruptus,
328 2317 362 2371 ut
397 2316 471 2371 tunc
507 2313 665 2371 lectionem
697 2316 824 2384 areptus
857 2313 1083 2388 supplebamus‚
1112 2331 1161 2372 ar-

145 2405 244 2475 raptus
265 2405 297 2461 in
321 2401 420 2461 codice
444 2404 558 2460 exstare
582 2400 723 2474 vidimus,
749 2419 826 2475 quae
849 2421 906 2460 vox
930 2402 1020 2460 semel
1043 2404 1075 2460 in
1098 2401 1161 2459 Ma-

144 2492 224 2551 thesi
259 2491 350 2550 simili
386 2490 474 2550 modo
506 2492 668 2564 usurpatur
700 2481 891 2571 (Lxxvr'l
921 2492 961 2549 29
978 2536 984 2548 .
1001 2538 1006 2550 ,
1023 2536 1028 2546 .
1043 2507 1162 2548 uxorem

146 2583 208 2639 cius
231 2582 304 2639 alter
325 2581 462 2638 uiolenter
492 2563 642 2658 arripiet),
673 2597 740 2638 cum
770 2580 903 2653 abripere
932 2579 1012 2654 quod
1034 2581 1161 2638 sciamus

145 2687 295 2744 nusquam
313 2669 345 2727 in
363 2668 492 2727 Mathesi
511 2667 695 2741 adhibeatur,
711 2671 740 2728 et
760 2668 838 2744 quod
857 2670 962 2736 diuina,
979 2687 1042 2726 non
1060 2669 1162 2727 diuina

147 2778 165 2817 a
188 2758 287 2817 codice
311 2757 473 2825 exhibetur,

237 2846 377 2922 Sequitur
400 2847 467 2905 folii
494 2848 546 2904 17r
569 2848 689 2905 initium
712 2848 876 2906 miserrime
901 2845 1059 2920 adfectum,
1083 2845 1162 2920 quod

147 2937 166 2994 l.
186 2954 210 2996 c.
230 2957 258 3013 p.
278 2937 341 2994 288
375 2939 417 2995 sic
439 2935 658 2994 reficiebamus:
687 2935 805 3003 l'idctis,
837 2938 869 2993 ut
891 2940 1000 2994 uestros
1023 2952 1162 2994 commem

147 3027 228 3086 tioios
260 3029 286 3084 ct
314 3027 395 3098 uuor
424 3025 492 3085 duos
521 3025 703 3084 turbulentus
734 3041 814 3082 error
838 3025 983 3097 accepitat,
1007 3027 1042 3082 ut
1062 3041 1162 3096 supcr-

146 3114 311 3174 stitionibus
343 3115 472 3174 anilibus
505 3118 532 3172 ct
561 3117 674 3188 formae
706 3114 789 3172 nobis
819 3114 938 3172 deorum
960 3113 1119 3171 tradantur
1138 3115 1164 3172 ct

146 3206 275 3263 nomina.
320 3203 364 3261 At
394 3205 474 3262 inter
500 3207 533 3261 ut
562 3205 591 3261 et
622 3203 830 3261 commenticios
857 3201 933 3259 nihil
959 3202 1034 3260 certi
1056 3200 1164 3277 dispici

148 3296 256 3369 potest,
281 3297 310 3351 et
334 3310 401 3350 oum
425 3292 530 3351 deinde
552 3292 636 3350 uobis
659 3295 689 3350 et
712 3291 790 3350 olare
813 3291 931 3367 legatur
953 3291 984 3348 in
1008 3289 1108 3349 codice
1133 3293 1164 3349 et

148 3385 180 3440 in
198 3381 320 3440 Firmioi
343 3381 430 3440 huius
454 3380 513 3440 loci
536 3381 618 3440 fonte
640 3379 785 3440 traditum
805 3382 853 3453 sit,
877 3378 1025 3438 Ciceronis
1049 3379 1164 3438 scilicet

148 3471 184 3530 de
207 3473 316 3529 natura
339 3470 460 3528 deorum
483 3469 560 3528 libro
583 3469 615 3528 H
646 3462 686 3549 (v.
712 3468 906 3527 Skutscbium'
926 3468 945 3526 l.
970 3485 993 3526 c.
1021 3488 1049 3544 p.
1075 3465 1163 3548 267),

148 3579 205 3618 vox
223 3563 340 3628 uestros,
363 3577 440 3634 quae
464 3559 527 3618 sola
545 3559 641 3618 Flacii
663 3560 773 3617 nititur
795 3559 983 3633 auctoritate,
1002 3561 1080 3616 stare
1104 3577 1163 3618 non
