2698 4068
213 223 264 277 XX
617 221 821 276 PRAEFATIO

214 394 313 451 uester
330 391 412 450 Haeo
431 395 476 451 est
498 409 594 467 poena
618 410 710 466 quam
731 410 787 467 pro
809 390 940 465 deceptis
962 389 1132 449 hominibus
1156 389 1228 448 deus
1314 379 1315 436 Ῡ

215 482 331 541 statuit.
355 483 391 539 ut
409 480 560 556 perpetuis
579 479 683 538 ardeat
701 479 828 538 flammis
847 481 900 556 qui
918 482 1022 538 contra
1041 479 1228 538 uoluntatem

214 570 263 628 dei
294 571 435 629 miserum
467 568 616 627 hominem
649 572 702 628 aut
734 568 851 644 decepit
883 571 937 626 aut
967 567 1112 643 perdidit3
1151 567 1226 625 Uolo

214 677 285 718 sane
308 658 466 737 diligenter
487 658 638 733 inquirere
662 657 745 717 onius
772 658 923 716 mineruae
950 658 1006 716 hoc
1033 657 1142 717 uolunt
1165 674 1228 716 esse

215 749 345 825 signum·
392 746 495 806 Plures
538 749 616 806 enim
655 746 805 805 mineruae
847 747 938 806 fuisse
975 749 1106 805 constat·
1139 745 1230 818 ιιειΞ
1315 751 1316 766 *

215 837 325 912 aliquis
361 836 453 896 inista
488 839 574 912 parte
612 835 759 895 dissentit·
801 834 959 914 Singulare
995 837 1099 910 itaque
1135 851 1228 912 genus

212 927 387 986 institutum
410 928 504 984 artem
527 925 772 1002 propositumque
795 924 939 983 dicamus·
967 927 1002 982 ut
1030 925 1111 983 exhis
1135 927 1229 982 omni-

211 1015 268 1074 bus
290 1015 421 1073 inueniri
447 1015 543 1090 possit
570 1013 737 1089 palladium
762 1015 844 1073 cuius
872 1014 1024 1072 mineruae
1047 1013 1088 1072 sit
1109 1015 1228 1072 nomine

211 1106 431 1177 consecratum

303 1192 394 1252 Vides
418 1194 498 1252 certo
522 1191 645 1251 consilio
669 1194 703 1250 ut
726 1193 795 1250 ante
818 1192 945 1251 diximus
969 1191 999 1250 et
1022 1190 1228 1251 distinctiones

210 1284 245 1340 et
271 1280 451 1340 maiusculas
482 1297 544 1339 esse
568 1280 740 1356 dispositas,
772 1280 907 1356 quamvis
935 1280 1228 1360 neglegentissimum
1316 1275 1317 1290 ¹

210 1371 263 1430 uel
286 1373 437 1429 auctorem
461 1371 524 1429 eius
540 1368 739 1428 distinctionis
758 1369 805 1430 vel
824 1371 919 1429 nostri
938 1370 1095 1428 librarium
1118 1369 1227 1429 codicis

211 1461 247 1518 in
278 1459 469 1519 describendo
507 1459 641 1534 exemplo
679 1459 770 1518 fuisse
808 1461 960 1534 appareat.
1015 1459 1094 1517 Nam
1126 1458 1227 1518 multis

210 1548 297 1608 vides
320 1549 392 1608 locis
415 1547 467 1606 ubi
485 1551 607 1624 propter
630 1548 794 1608 clausulam
815 1548 985 1623 postulatur
1007 1548 1228 1606 distinctionem

210 1637 383 1712 desiderari,
406 1655 460 1695 uec
482 1655 551 1696 raro
574 1656 686 1696 errores
709 1638 910 1712 inveniuntur,
938 1655 1065 1712 quorum
1089 1636 1227 1714 gravissi·

211 1747 308 1801 mum,
343 1745 410 1785 cum
438 1744 473 1784 ex
501 1726 600 1785 codice
628 1727 660 1783 in
689 1726 849 1784 editionem
876 1725 1040 1802 principem
1068 1725 1227 1801 irrepserit,

211 1814 380 1875 Schefferus
403 1814 522 1873 demum
537 1814 671 1873 correxit.
711 1813 862 1890 Scriptum
880 1815 959 1873 enim
983 1818 1028 1872 est
1051 1813 1180 1873 XXVllI
1195 1816 1227 1873 6:

216 1906 370 1964 Tammtes
407 1905 602 1963 aesaem‘eates
640 1904 739 1962 aazias
777 1904 910 1963 calcastis
947 1906 1047 1962 oceasm'
1087 1905 1229 1963 sabrcmis

214 1995 334 2054 uestris:
357 1993 502 2067 Iacoqm‘tc'
524 1995 586 2051 iam
608 1993 691 2051 mobis
707 2009 804 2065 pocae
830 1995 923 2052 mam's
941 1994 1024 2052 amota
1047 1995 1229 2055 coalremm't:

213 2084 276 2142 Et.
293 2128 298 2140 .
314 2128 335 2158 .,
359 2081 409 2141 sed
433 2081 653 2141 distinctionem
681 2084 749 2158 post
771 2084 877 2140 aestm's
906 2073 951 2164 (et
973 2081 1167 2141 maiusculam
1190 2073 1228 2162 I)

215 2171 371 2231 dolendam
394 2174 424 2229 et
446 2174 515 2246 post
537 2173 636 2230 oceani
659 2171 826 2247 ponendam
845 2189 907 2231 esse
931 2174 962 2230 et
985 2189 1072 2231 sensu
1096 2174 1126 2230 et
1149 2170 1229 2229 olau-

214 2261 281 2320 sula
304 2252 354 2340 (cf.
375 2259 505 2319 Skutsch
528 2260 547 2318 l.
567 2279 591 2319 c.
610 2280 637 2336 p.
659 2252 737 2341 270)
761 2258 978 2335 comprobatur.
1015 2261 1116 2335 Atque
1139 2261 1230 2319 etiam

215 2348 335 2408 xviia
361 2341 463 2430 (quem
482 2349 580 2408 locum
595 2348 722 2408 Skutsch
742 2368 769 2423 p.
787 2349 849 2406 267
870 2341 1052 2430 emendavit)
1072 2349 1230 2408 distinctor

215 2458 250 2496 ex
279 2438 382 2514 aliqua
408 2441 494 2514 parte
521 2438 629 2498 erroris
652 2442 768 2511 auctor,
795 2456 866 2496 nam
888 2440 930 2498 sic
953 2440 1108 2513 scriptum:
1144 2439 1231 2496 Mare

215 2531 290 2590 aaut
291 2546 319 2587 es
342 2528 492 2587 aaatamto
514 2533 675 2602 neptunum
693 2528 750 2586 dici
772 2527 941 2586 aotaeraat·
983 2528 1025 2585 Et
1014 2529 1132 2586 textos
1155 2528 1231 2602 qaod

210 2618 303 2676 libeat
291 2621 334 2676 ter
355 2618 503 2692 faciebamt
491 2618 716 2676 tsabslaatiam
739 2618 865 2675 aome'm's
886 2618 1018 2690 fiqarmt
1018 2635 1047 2676 es
1071 2617 1231 2676 Terrenam

211 2709 277 2766 aim
300 2724 412 2766 omaem
430 2711 514 2780 atque
532 2724 572 2764 aa
574 2710 685 2764 t·aram
715 2707 801 2764 ditem
825 2709 882 2778 pat
881 2724 942 2764 rem
964 2708 1074 2765 dicuat·
1101 2705 1229 2780 Quia...

208 2795 383 2855 Maiusoula
403 2795 589 2868 T(erreaam)
610 2813 679 2854 sane
703 2813 797 2854 novae
820 2794 984 2853 sententiae
1008 2795 1131 2853 initium
1153 2795 1229 2852 indi-

211 2887 278 2959 cat,
306 2885 359 2943 sed
384 2884 466 2943 deest
500 2883 661 2943 distinctio.
668 2875 695 2964 l)
747 2883 782 2941 In
818 2901 934 2942 summa
962 2886 1063 2942 tamen
1090 2884 1230 2984 prudenti

213 2974 340 3034 consilio
373 2973 438 3032 cola
470 2973 589 3074 quidem
621 2991 737 3049 semper
768 2973 828 3031 fere
865 2974 895 3031 et
931 2977 1080 3031 commata
1112 2973 1231 3049 saepius

216 3064 358 3122 distincta
382 3079 444 3121 osse
467 3062 571 3140 negari
598 3081 657 3120 non
684 3064 859 3138 potest-
822 3061 990 3119 -Unum
1013 3061 1141 3136 denique
1169 3081 1230 3121 mo-

215 3151 345 3210 nendum
372 3154 417 3210 est
438 3153 581 3212 interesse
613 3152 692 3210 inter
723 3151 944 3210 distinctionem
973 3153 1003 3210 et
1029 3150 1145 3226 periodi
1172 3151 1230 3208 dis·

217 3240 408 3320 positionem,
441 3258 531 3316 quam
559 3260 594 3300 ex
621 3240 763 3299 clausulis
790 3239 972 3318 colligimus,
1005 3240 1084 3315 quod
1112 3241 1231 3318 singula

307 3465 332 3532 1)
352 3463 383 3515 In
406 3465 486 3517 textu
510 3463 660 3517 maluimus
684 3463 811 3518 voculam
830 3464 871 3518 aa
893 3463 988 3516 tenere
1011 3461 1171 3516 lacunae
1149 3479 1230 3530 signo

218 3534 386 3602 anteposito,
404 3536 436 3588 ut
456 3535 534 3590 m..
546 3535 717 3605 ⁸fiparaates
734 3535 890 3588 membrum
909 3534 947 3587 sit
961 3534 1132 3602 respondens
1148 3534 1231 3589 alteri

218 3604 294 3674 quod
313 3604 425 3672 excidit
446 3622 530 3674 quam
549 3623 612 3659 oum
632 3604 703 3659 Skut
691 3605 780 3660 tschio
800 3605 901 3661 delere.
