2684 4062
237 214 286 268 DE
306 215 454 270 ERRORE
474 215 576 270 PROF.
590 216 670 270 REL.
691 216 766 271 CAP.
782 217 991 272 XXIV—XXV.
1079 220 1123 284 65

106 386 171 443 fani
198 387 306 445 erroris
335 386 468 456 maculas
487 384 665 461 specialiter
692 387 864 462 explicetur,
890 406 927 445 ne
960 390 1038 447 sicut
1069 409 1123 450 nos

107 472 312 532 diximusm
337 477 505 542 commentis
519 477 589 548 sunt
612 477 662 550 qui
687 476 844 554 sacrilegia
867 478 1034 536 errantibus
1062 482 1123 538 tra·

107 563 255 638 diderunt,
283 567 325 623 sic
353 583 371 622 a
398 564 483 624 nobis
512 563 584 623 ordo
611 565 748 624 veritatis
775 568 920 646 curiosius
943 569 1122 644 requiratur.

108 652 265 728 suspensis
302 653 403 729 itaque
440 653 596 730 paululum
628 656 751 713 ceteris·
772 654 810 713 ad
841 655 915 714 haec
948 657 1124 732 explicanda

81 759 184 817 equae
208 761 279 801 vera
302 746 372 802 suut
394 743 594 802 transferatur
617 745 721 804 oratio.

196 831 286 890 XXV.
323 831 385 892 Vos
417 832 531 891 domini
567 833 760 908 imperatores
797 836 969 892 sanctarum
1002 835 1123 896 aurium
1153 829 1156 844 ⁵

107 923 275 979 vestrarum
297 921 372 980 milri
395 921 579 981 commodate
602 922 794 998 patientiam,
817 925 852 980 ut
874 925 982 1001 totum¹
996 924 1123 998 clemen·

105 1011 167 1068 tiae
197 1013 313 1070 vestrae
342 1009 422 1087 quod
448 1010 653 1087 promittimus
677 1011 865 1087 explicemus,
913 1011 973 1070 Our
996 1014 1067 1072 deus
1090 1013 1122 1072 id

106 1101 152 1158 est
173 1099 253 1158 filius
276 1099 324 1158 dei
338 1100 435 1175 'homo
459 1117 564 1175 passus
588 1100 732 1174 astrion,
756 1101 841 1160 brevi
863 1119 897 1159 ac
919 1120 991 1160 vera
1014 1105 1123 1178 pietati

64 1205 92 1245 ro
105 1191 222 1248 restrae
250 1189 366 1247 ratione
393 1188 616 1262 monstrabitur.
664 1188 738 1248 (lum
765 1189 916 1249 hominem
938 1191 1068 1266 primum
1090 1193 1123 1250 id

106 1281 151 1336 est
178 1276 276 1334 Adam
304 1277 342 1334 ad
363 1278 531 1356 imaginem
559 1298 643 1338 suam
672 1278 744 1337 deus
776 1279 900 1353 faceret,
933 1283 1044 1340 certam
1075 1281 1123 1340 illi

105 1366 314 1425 mandatorum
342 1366 425 1425 dedit
451 1368 556 1444 legem.
602 1367 632 1426 Is
660 1383 713 1443 per
737 1367 878 1426 feminam
902 1368 934 1427 id
958 1373 1003 1429 est
1025 1371 1122 1446 Eram

106 1455 247 1531 deceptus
271 1454 384 1514 diaboli
406 1456 647 1532 persuasionibus
665 1457 828 1532 promissae
848 1456 905 1516 sibi
923 1457 1036 1536 gloriae
1055 1479 1121 1535 per·

105 1544 184 1603 didit
207 1544 393 1622 dignitatem.
435 1543 566 1622 Lignum
588 1549 654 1605 erat
676 1547 708 1604 in
731 1546 871 1624 paradiso
895 1547 974 1623 quod
996 1551 1122 1626 promis·

64 1651 89 1690 rs
105 1652 247 1692 soruma
271 1634 324 1692 deo
352 1635 554 1710 praemiorum
581 1635 712 1712 perdidit
739 1635 877 1712 gratiam.
923 1636 967 1694 De
995 1638 1156 1715 virginis2

104 1725 203 1782 terras
226 1724 299 1782 limo
322 1723 411 1782 homo
434 1724 531 1783 lactus
555 1727 606 1783 est.
640 1723 780 1800 Nondum
803 1726 882 1783 enim
905 1728 941 1783 ut
964 1725 1009 1784 ait
1030 1726 1121 1805 scrip-

103 1816 175 1882 tura
197 1831 288 1888 supra
310 1815 422 1884 terram
444 1813 570 1889 pluerat.
617 1812 675 1872 Hic
698 1814 876 1890 contemptis
899 1814 1057 1888 mandatis,
1073 1816 1121 1888 dei
1135 1822 1194 1870 (118)

103 1900 267 1960 humanum
296 1920 389 1979 genus
416 1903 611 1961 mortalitatis
639 1902 755 1978 laqueis
786 1903 908 1979 adflixit.
956 1901 1122 1980 Oportebat

103 1990 160 2048 hoo
182 1993 280 2050 totum
309 1994 338 2049 et
362 1991 518 2051 reformari
541 1993 572 2050 et
595 1992 717 2070 corrigi,
747 1995 776 2050 et
798 1993 972 2052 reformatio
996 1994 1121 2072 originis

63 2095 90 2134 so
104 2078 208 2138 debuit
225 2080 387 2144 reformare
405 2080 577 2156 primordia.
608 2081 653 2139 Ex
672 2081 797 2160 virginis
816 2083 913 2140 terras
931 2083 1003 2143 limo
1022 2084 1121 2144 factus

194 2249 232 2303 10
253 2249 590 2320 Gca.1,27et2,16sq.
665 2248 702 2304 14
721 2252 833 2319 idac.
909 2252 1079 2320 trinas

193 2391 208 2445 l
229 2408 265 2445 ne
284 2392 357 2446 sicut
370 2394 530 2460 scripsimus
543 2410 605 2447 cum
620 2396 647 2448 P
662 2394 779 2448 lacunae
798 2397 876 2477 sipao
890 2397 982 2463 posito
996 2403 1059 2464 post
1078 2397 1121 2450 di-

13 2477 17 2484 ·
102 2462 203 2528 ximus,
222 2480 304 2532 quam
323 2465 479 2532 expleamus
496 2465 550 2518 tali
566 2481 628 2519 cece
650 2466 731 2534 quola
751 2465 856 2534 quaha,
879 2484 935 2536 qua
958 2470 1121 2536 interposita

101 2535 246 2598 toleranda
264 2536 397 2602 periodus
419 2536 547 2603 efficitur.
584 2550 619 2589 ne
638 2535 712 2590 sicut
792 2536 979 2608 tradiderunt.
1008 2537 1054 2596 Sic
1069 2539 1121 2606 Fi,

102 2605 156 2658 ne*
175 2605 233 2660 Wo.
271 2623 304 2660 ac
328 2607 361 2674 si,
383 2609 416 2660 ut
497 2606 684 2675 tradiderunt,
709 2607 749 2662 sic
771 2608 813 2662 Oe.
852 2625 887 2661 ne
907 2609 1040 2680 sioutput
1059 2653 1119 2678 ...‚

102 2676 142 2729 sic
157 2677 213 2730 Bo.
250 2693 285 2730 ne
304 2677 337 2742 si,
356 2679 388 2730 ut
407 2719 467 2744 ...‚
488 2679 528 2732 sic
547 2679 605 2732 Ha.
675 2678 887 2733 Rcommentiti
903 2683 965 2735 Ma.
1040 2680 1118 2735 ain-

101 2747 239 2802 curiosius
253 2750 417 2818 Euporum
430 2751 565 2804 intellecto
581 2751 633 2805 loci
645 2752 789 2817 sannatia,
808 2753 843 2818 of.
859 2755 903 2818 67,
912 2755 939 2805 2.
1013 2751 1030 2805 4
1050 2753 1076 2807 d.
1087 2771 1118 2822 p.

101 2820 202 2875 cetaria
221 2819 286 2875 add.
361 2821 537 2890 ipatientia
556 2823 589 2875 P.
663 2821 815 2890 dpietatis
836 2824 868 2876 P.
938 2824 964 2878 d.
974 2841 1004 2892 p.
1021 2825 1038 2876 a
1058 2824 1118 2878 fieri

100 2899 126 2946 ct
145 2890 180 2946 11
201 2891 307 2946 faceret
325 2893 389 2947 odd.
446 2891 483 2946 14
503 2909 558 2961 quo
574 2909 627 2961 pro
646 2894 720 2960 quod
742 2895 793 2947 Kr.
851 2892 888 2947 18
908 2894 1006 2949 adfixit
1023 2895 1119 2950 Wake-

98 2964 164 3030 field
181 2965 198 3018 l.
214 2980 236 3018 c.
248 2980 277 3031 p.
293 2967 336 3017 15.
411 2963 447 3018 la
469 2964 615 3018 reformari
635 2967 667 3019 P.

190 3105 205 3159 1
217 3105 389 3230 ⁶specialiater
407 3106 581 3230 explioptprp
588 3108 696 3232 llfftltrh
706 3111 971 3232 413512Χζυ4ᾗ238ῃ650,
982 3113 1007 3162 6.
1028 3113 1089 3233 irbi
1100 3113 1119 3162 9

98 3193 374 3320 iiiiiiingiui
384 3193 667 3318 ‘iobiiabiepernf'
681 3219 790 3318 aliquid
809 3267 859 3304 nos
879 3197 1028 3305 saiiii
1047 3197 1118 3322 invii

99 3319 162 3372 diae
182 3320 349 3375 stridoribus
367 3321 528 3390 denegasse.
603 3322 620 3375 5
642 3321 732 3375 Meta.
749 3319 787 3375 0⁰
801 3321 841 3375 II
854 3326 874 3376 2
892 3321 947 3375 Sed
965 3322 1010 3376 his
1030 3322 1118 3391 expli·

99 3390 170 3444 catis
190 3407 279 3446 sermo
298 3393 374 3446 totus
394 3393 431 3445 ad
450 3391 654 3461 expositionem
673 3391 813 3462 Sphaerus
837 3392 1005 3448 Barbaricas
1027 3397 1117 3448 trans-

97 3461 213 3529 feratur,
236 3481 269 3517 ac
291 3465 396 3518 similia
414 3481 459 3518 soe
480 3465 532 3518 ias.
626 3464 640 3517 7
670 3465 774 3519 Arnob.
791 3465 864 3519 1⁷33
888 3464 912 3516 si
935 3466 1019 3519 modo
1044 3483 1116 3520 com-

97 3533 212 3587 modare
234 3535 405 3602 patientiam
426 3481 520 3588 ruitis.
563 3535 654 3589 Mota.
671 3533 729 3590 LX
735 3537 796 3590 VH
798 3534 810 3560 ⁰
824 3537 844 3588 1
856 3539 893 3590 42
913 3537 945 3589 ut
1026 3539 1117 3591 totum

96 3604 232 3673 quicquid
250 3605 429 3674 promisimus
449 3605 629 3674 explicemus.

150 3713 264 3753 Firminus
278 3713 396 3754 Maternus
410 3713 444 3753 ed.
455 3714 577 3762 legler.
938 3703 953 3750 ὀ
