2698 4068
217 203 332 258 XXVIII
620 203 825 259 PRAEFATIO

218 377 414 445 aucmentum,
442 376 639 442 commeatum,
667 374 877 441 documentum,
907 374 1084 441 elementum,
1111 374 1230 446 ficmen-

217 466 287 530 tum,
322 463 488 540 fomentum,
525 463 712 535 frumentum,
744 464 976 535 fundamentum,
1013 465 1229 531 incrementum,
1325 469 1326 478 ’

218 551 431 620 liuicmcutum,
449 553 660 618 ornamentum,
680 555 859 610 tormentum.
896 552 1046 610 Nimirum
1066 552 1116 609 vix
1134 551 1230 610 ullum

216 640 446 700 instrumentum
477 641 606 699 inveniri
633 643 752 716 poterat
784 640 822 699 ad
850 639 1037 700 formandam
1065 640 1229 699 clausulam

216 730 312 806 magis
344 729 491 787 idoneum.
548 728 705 788 clausulae
736 731 798 789 vim
832 731 923 788 etiam
954 729 986 788 in
1016 748 1050 788 eo
1077 730 1230 805 perspicis,

217 817 296 893 qnod
315 835 383 876 eum
403 817 566 896 gerundiva
586 818 736 877 clausulae
755 820 911 893 aptissima
930 820 991 876 sint
1010 822 1039 877 et
1057 819 1229 893 saepissime
1327 883 1328 904 χ

216 899 273 987 (14
302 899 390 986 locis)
422 911 604 982 usmpentnr
634 939 679 948 —
711 926 738 965 v.
770 907 899 966 indicem
936 926 958 968 s.
986 926 1032 966 vv.
1063 908 1230 980 sapiendus,

215 996 395 1069 laudandas,
426 997 626 1064 anomalis,
658 997 812 1071 muudus,
845 997 1042 1070 coemendas,
1074 995 1229 1055 Wolffinm
1327 989 1328 1002 ¹

215 1104 243 1160 p.
264 1085 327 1142 629
339 1103 382 1159 sq.
401 1085 560 1143 -forma
578 1086 748 1144 mouendus
772 1085 929 1161 quinquies
951 1085 1111 1159 invenitur,
1132 1102 1166 1144 ac
1183 1088 1230 1144 ter

215 1173 336 1249 quidem
359 1175 390 1232 in
413 1174 557 1247 clausula,
585 1174 676 1232 semel
699 1175 783 1232 extra
810 1174 975 1233 clausulam
998 1169 1144 1254 (XXVIII
1164 1165 1229 1254 10),

218 1263 310 1322 semel
328 1265 361 1321 in
379 1265 517 1340 excerpto
536 1261 664 1321 bibliaco
689 1255 758 1344 (XX
773 1255 822 1342 4),
847 1265 946 1338 ipsum
965 1263 1087 1322 verbum
1104 1266 1230 1322 metuere

215 1351 385 1410 aFirmico
408 1371 503 1428 neque
533 1352 563 1410 in
588 1351 689 1410 libello
718 1351 753 1410 de
783 1372 880 1411 errore
908 1371 1002 1428 neque
1030 1352 1089 1410 nIsi
1111 1351 1229 1430 egregie

214 1440 349 1499 fallimur
366 1442 397 1498 In
412 1441 541 1500 Mathesi
559 1445 728 1516 usurpatur,
747 1461 851 1500 verum
865 1459 981 1516 semper
999 1443 1105 1500 timere.
1144 1441 1230 1511 Quod

200 1545 251 1588 'ne
275 1548 345 1588 casu
364 1530 477 1589 factum
504 1548 566 1590 esse
597 1548 726 1606 consona,
759 1527 963 1588 animadverte
993 1548 1101 1605 quaeso
1120 1530 1229 1588 Roma-

214 1637 319 1677 narum
343 1638 417 1695 quas
441 1619 566 1679 dicimus
594 1620 764 1697 linguarum
789 1637 888 1696 usum,
916 1637 992 1695 quae
1021 1636 1121 1677 omnes
1150 1618 1230 1694 quod

214 1709 306 1767 sciam
325 1708 449 1766 verbnm
466 1713 591 1766 metam
611 1709 761 1785 ignorant,
784 1727 819 1767 ac
841 1727 878 1765 ne
898 1708 1119 1767 substantivum
1136 1712 1229 1767 ructus

214 1796 335 1870 quidem
375 1797 433 1856 nisi
470 1796 550 1872 apud
582 1797 733 1874 Hispanos
770 1787 892 1876 (miodo)
932 1800 1075 1856 servatur.
1129 1796 1230 1875 Igitur

213 1885 360 1944 Firmicns
382 1888 443 1944 iam
466 1905 526 1944 non
549 1884 645 1944 dicere
669 1885 784 1944 solebat
802 1887 934 1958 metuam,
957 1885 1009 1945 sed
1032 1885 1229 1963 gerundivum

213 1975 383 2032 metuendas
397 1975 547 2034 clausulae
563 1976 741 2033 auctoritate
757 1973 941 2049 aqunamdin
960 1977 1127 2051 protectum
1146 1966 1227 2055 est.¹)

302 2063 406 2123 Finem
436 2065 530 2122 faciat
560 2064 787 2140 quaestiuncula
816 2063 852 2121 de
880 2065 1094 2140 particularum
1122 2082 1176 2136 quc
1199 2066 1229 2122 et

214 2156 377 2226 atqac'usu
396 2153 584 2212 Firmidiano.
621 2152 762 2212 Wolffius
781 2154 801 2211 l.
817 2172 839 2211 c.
859 2173 887 2228 p.
904 2154 1078 2212 633-637
1099 2152 1229 2212 ostendit

214 2240 398 2316 Ciceronem,
428 2261 496 2300 cnm
522 2244 619 2318 primo
647 2243 795 2317 particula
822 2261 876 2315 que
898 2260 1051 2317 nunquam
1073 2242 1135 2300 fere
1157 2259 1236 2304 usus,

213 2333 298 2404 esset
322 2333 427 2406 postea
457 2327 552 2390 ‘etin
576 2331 711 2390 clausula
735 2335 765 2390 et
787 2335 871 2391 extra
899 2331 995 2409 magis
1019 2332 1174 2407 magIsqne
1195 2330 1228 2389 id

212 2420 320 2496 egisse,
349 2423 384 2478 ut
407 2421 556 2495 particula
579 2437 633 2492 quc
655 2415 799 2479 uteretur’
825 2420 898 2480 adeo
922 2423 956 2478 ut
979 2420 1010 2477 in
1033 2420 1131 2494 primo
1155 2417 1228 2478 Offi-

213 2511 325 2568 ciorum
358 2508 433 2568 libro
460 2511 564 2568 157><
587 2513 683 2584 extra,
709 2511 791 2568 98><
814 2511 894 2568 intra
918 2509 1082 2568 clausulam
1107 2526 1161 2580 quc
1182 2509 1226 2565 in-

212 2600 358 2657 veniatur.
405 2598 490 2667 Quod
516 2600 680 2658 rectissime
708 2598 777 2657 inde
800 2597 939 2656 Wolffius
963 2597 1104 2672 explicat,
1136 2591 1228 2672 ‘quod

213 2685 324 2759 Cicero,
348 2689 418 2762 qnia
441 2687 599 2760 intellexit,
622 2690 764 2761 quantam
787 2687 953 2746 utilitatem
971 2686 1120 2762 pantIcula
1143 2705 1227 2761 prae·

212 2775 296 2834 beret
319 2775 357 2834 ad
380 2776 529 2835 clausulas
552 2776 718 2853 fingendas,
746 2776 894 2852 paulatim
917 2778 1082 2834 commotus
1106 2777 1164 2850 est,
1192 2779 1227 2834 ut

211 2865 397 2940 frequentius
435 2884 470 2924 ea
504 2860 659 2924 uteretur'.
714 2866 834 2924 lterixit
869 2865 963 2943 Igitur
994 2864 1128 2924 clausula
1161 2883 1227 2924 sna·

212 2954 300 3013 dente
323 2955 487 3029 particula,
518 2973 594 3030 quae
625 2972 692 3012 cum
722 2956 827 3030 priscis
858 2953 1039 3030 temporibus
1071 2955 1134 3012 sola
1164 2954 1227 3012 fere

211 3061 319 3102 vocum
343 3043 616 3121 coniungendarum
639 3062 761 3102 munere
785 3043 887 3102 functa
911 3045 988 3102 esset
1012 3034 1063 3122 (cf.
1078 3042 1226 3117 Wclfflin,

213 3127 282 3191 ‘Die
316 3131 461 3191 Oolnmna
492 3128 645 3192 Rostrata’
679 3134 710 3190 in
744 3127 826 3190 ‘Sita
857 3132 924 3190 Ber.
948 3132 975 3191 d.
1000 3131 1088 3207 Bayr.
1117 3125 1226 3190 Alsad'

302 3305 327 3372 1)
348 3301 533 3356 ‘Glossarium
551 3301 661 3356 mediae
681 3304 709 3355 et
727 3301 841 3356 infimae
859 3300 1022 3356 Latinitatis
1047 3301 1191 3355 condItnm
1210 3317 1227 3354 a

212 3371 311 3428 Carolo
330 3373 467 3428 Dufresne
486 3373 607 3427 Domino
625 3373 670 3426 Du
689 3373 783 3443 Gange
799 3416 803 3426 .
817 3416 821 3426 .
835 3373 857 3426 .'
878 3375 930 3427 vol.
946 3373 984 3426 IV
999 3372 1126 3442 (Parisiis
1147 3374 1226 3441 1845)

211 3461 306 3498 vocem
321 3447 479 3500 metuendas
493 3443 607 3498 exhibet
619 3446 652 3497 ut
668 3443 794 3497 ‘titulum
808 3443 1009 3510 honorarium'‚
1024 3444 1132 3498 omittit
1144 3458 1225 3497 voces

211 3523 325 3572 metuere
344 3519 482 3572 etractus.
511 3515 651 3570 Arnobius
671 3516 701 3567 in
721 3518 828 3584 septem
847 3515 928 3568 libris
948 3515 1082 3569 adversus
1096 3515 1226 3568 nationes

211 3588 360 3657 quiuquies
384 3587 498 3642 verbum
521 3595 637 3642 melum
659 3587 754 3653 habet,
778 3587 890 3656 saepius
909 3587 1068 3642 metuendus
1086 3589 1115 3641 et
1132 3592 1225 3640 motas
