2698 4068
222 213 337 266 XXXIV
626 211 831 266 PRAEFATIO

220 386 254 441 ut
282 385 391 441 amaa
411 381 511 455 ,stupe
534 381 672 441 tortoles.
688 427 716 438 ..
740 381 831 440 Recte
859 382 954 458 igitur
982 399 1012 440 se
1035 380 1135 455 habet,
1158 380 1237 455 quod

220 469 339 529 Flacius
362 473 395 528 ut
412 469 543 546 praebet,
570 470 622 529 nbi
644 491 678 549 rr,
703 489 793 545 supra
825 471 945 544 scripsit
976 471 1063 545 quac,
1096 472 1126 529 et
1158 469 1237 545 quod

221 561 331 635 clypea,
360 578 421 618 non
451 561 540 633 clipeo
570 558 696 618 exhibet.
742 559 778 617 ln
807 560 846 617 iis
876 577 953 635 quae
977 561 1144 635 sequuntur
1165 560 1237 617 tunc

220 668 287 709 cum
318 647 420 723 ipsum
452 647 583 707 codicem
614 648 857 723 inspiciebamus,
884 649 996 706 basma
1018 647 1238 721 laborabamus,

220 758 290 797 nam
320 755 394 814 quas
425 740 494 812 post
524 739 594 796 teoto
621 737 852 813 dispiciebamus
879 737 1009 796 litteras:
1042 737 1117 796 adv
1144 738 1175 795 et
1207 754 1237 794 er

219 830 251 885 in
281 827 339 884 fine
362 826 468 900 lineae,
496 830 565 901 apte
595 826 730 901 suppleri
756 843 842 902 posse
866 825 1104 902 desperabamus.
1150 825 1237 884 Nunc

222 934 298 992 quae
317 915 427 974 collato
450 916 516 975 loco
538 914 599 973 VH
619 917 636 974 6
660 915 773 988 sepulto
795 916 828 974 iu
851 915 910 973 loco
934 919 975 974 ast
991 915 1107 988 puriter
1129 918 1156 973 ct
1173 931 1237 974 cou-

219 1009 334 1064 secroto
357 1004 584 1078 coniciebamus,
612 1003 644 1061 in
674 1003 779 1062 tabula
807 1004 1044 1080 photographica
1074 1004 1237 1062 certissime

222 1095 423 1170 agnoscimus:
454 1094 572 1167 puriter
609 1084 655 1174 (in
686 1092 744 1151 fine
777 1084 900 1172 lineaei)
938 1094 966 1150 d
1002 1085 1104 1173 (initio
1140 1092 1237 1151 lineae

222 1184 380 1258 sequentis,
399 1182 451 1240 ubi
469 1187 508 1240 -te
525 1181 646 1259 legebat
663 1173 837 1262 Lorenaius)
856 1184 1041 1242 meorum
1065 1174 1158 1262 (quod
1177 1184 1237 1238 iam

220 1270 335 1347 pridem
359 1263 494 1350 certum).
537 1269 669 1329 Litterae
692 1270 797 1330 deinde
825 1271 899 1330 adr
926 1270 1069 1330 facillime
1099 1271 1236 1346 supplen-

221 1365 271 1420 tur
294 1361 445 1435 udoratur,
476 1362 560 1420 cuius
591 1361 671 1418 vocis
694 1363 725 1419 et
748 1359 941 1418 creberrimae
972 1358 1052 1435 apud
1075 1359 1237 1418 Firmicum

222 1443 263 1529 (v.
287 1442 429 1530 indicem)
454 1452 484 1508 et
507 1450 730 1508 accuratissime
754 1449 928 1524 quadrantis
955 1451 988 1506 in
1011 1450 1141 1523 spatium
1165 1448 1238 1508 satis

222 1539 302 1598 clara
333 1540 462 1616 vesh'gia
492 1539 524 1596 in
557 1538 691 1613 exemplo
723 1538 960 1616 photographico
990 1556 1069 1596 nunc
1099 1536 1236 1596 vidimus.

221 1629 270 1687 Ita
301 1629 442 1688 restituta
474 1630 543 1685 sunt
574 1627 666 1686 verbu
689 1629 857 1703 aptissima,
890 1628 1021 1702 quaein
1044 1629 1146 1685 nostro
1170 1644 1236 1685 con·

221 1720 305 1776 textu
327 1717 416 1794 leges.

313 1805 358 1862 De
381 1807 475 1865 totius
499 1805 558 1863 loci
582 1808 756 1883 argumento
780 1823 877 1880 pauca
900 1803 1035 1863 addenda
1054 1806 1137 1877 sunt,
1165 1823 1235 1879 quo-

224 1895 307 1952 niam
338 1896 411 1953 haec
442 1913 502 1952 non
534 1896 608 1953 satis
635 1893 771 1971 intellegi
803 1913 839 1951 ex
862 1893 1014 1953 Gumontii
1043 1892 1141 1952 verbis
1170 1911 1237 1952 oon-

222 1983 368 2043 cludimus
402 1978 447 2064 (Π
464 2004 492 2059 p.
515 1985 569 2041 14:
603 1978 658 2041 ‘La
688 1983 774 2057 suite,
804 1976 842 2041 od
864 1983 887 2040 il
910 1985 956 2042 est
986 1983 1124 2058 question
1148 1982 1184 2041 de
1207 1981 1238 2040 la

222 2073 351 2131 division
374 2072 410 2130 de
433 2065 518 2131 l'bme
542 2091 579 2131 en
601 2074 675 2131 trois
698 2073 820 2147 parties,
850 2091 886 2129 ne
909 2071 1010 2147 parsit
1033 2073 1117 2131 avoir
1139 2089 1237 2130 aucun

222 2165 347 2237 rapport
365 2179 437 2220 avec
459 2161 502 2220 les
525 2155 669 2237 myst'eres
688 2153 920 2241 mithriaques’).
958 2160 1026 2219 Non
1049 2161 1147 2236 ipsum
1167 2179 1238 2219 sane

222 2251 365 2309 Mithram
389 2253 524 2326 spectant
547 2268 623 2325 quae
647 2253 818 2325 sequuntur,
847 2249 898 2309 sed
922 2249 1043 2307 Firmici
1067 2249 1102 2308 de
1125 2248 1239 2307 Mithra

223 2339 294 2398 licet
323 2340 431 2398 falsam
461 2341 683 2415 expositionem.
731 2339 812 2408 Quae
841 2341 919 2397 enim
935 2338 1020 2397 ratio
1044 2337 1084 2397 sit
1105 2339 1185 2396 inter
1203 2356 1238 2396 ea

226 2447 302 2504 quae
333 2433 403 2487 ante
432 2428 570 2487 lacunam
593 2447 612 2486 a
634 2428 764 2488 Firmioo
788 2427 1020 2501 disserebantur,
1050 2430 1080 2485 et
1103 2445 1138 2485 ea
1162 2445 1237 2501 quae

221 2519 254 2576 in
276 2518 327 2577 fol.
353 2519 385 2575 5r
406 2520 588 2592 tractantur,
615 2517 779 2576 rectissime
809 2517 938 2592 explicat
961 2515 1103 2575 Oehlerus
1130 2515 1163 2574 in
1186 2515 1237 2573 ad·

221 2608 392 2666 notatione:
431 2602 477 2663 ‘ln
513 2606 551 2666 iis
588 2625 665 2682 quae
697 2605 869 2665 exciderunt
901 2607 1028 2680 scriptor
1064 2604 1238 2664 disseruisse

222 2695 342 2754 videtur
365 2694 400 2754 de
419 2695 557 2770 triformi,
581 2715 670 2771 quem
689 2713 780 2771 supra
798 2696 1016 2754 memoraverat
1029 2693 1116 2753 vultu
1131 2693 1238 2752 Mitras

223 2784 303 2858 deae,
326 2784 453 2859 indeque
476 2785 557 2842 viam
576 2784 633 2843 sibi
655 2785 817 2843 munivisse
840 2801 909 2842 cum
937 2783 975 2842 ad
997 2783 1060 2842 alia
1083 2782 1119 2842 de
1141 2782 1239 2841 triade

226 2891 311 2932 sacra
334 2873 518 2932 ethnicorum
549 2876 723 2948 commenta,
747 2877 812 2932 tum
844 2873 882 2931 ad
915 2871 1138 2931 celeberrimum
1160 2871 1240 2930 illud

223 2962 414 3040 Pythagorae
434 2964 464 3019 et
485 2962 619 3021 Platonis
643 2961 678 3020 de
701 2962 816 3037 triplici
838 2964 955 3020 animae
974 2960 1119 3019 divisione
1141 2960 1239 3036 philo-

223 3051 379 3127 sophema,
417 3051 496 3128 quod
528 3051 560 3108 in
591 3050 628 3110 iis
666 3069 743 3126 quae
776 3053 879 3109 statim
911 3053 1077 3126 sequuntur
1108 3050 1239 3108 refutare

226 3134 345 3199 studet’.
399 3139 513 3199 Deinde
551 3139 586 3198 de
622 3140 721 3199 verbis
757 3144 790 3197 ut
826 3144 943 3198 armatu
1041 3143 1240 3198 musemutur:

225 3225 335 3288 ‘Verba
357 3230 435 3288 refer
458 3229 496 3287 ad
518 3229 678 3307 imaginem
703 3231 756 3287 aut
777 3229 885 3287 Mitras
909 3231 962 3287 aut
983 3223 1135 3287 Minervae
1158 3227 1239 3286 lovis

224 3321 428 3394 capitanatae
447 3319 573 3396 virginis
591 3317 758 3391 bellicosae,
782 3336 872 3392 quam
889 3336 944 3393 pro
963 3315 1061 3392 „irae“
1081 3309 1131 3397 (of.
1147 3317 1239 3392 paulo

224 3399 315 3487 inira)
339 3407 452 3482 primae
476 3427 511 3466 ex
534 3407 668 3466 Platonis
693 3410 858 3466 commento
887 3408 1003 3466 animae
1027 3407 1135 3482 partis,
1162 3408 1238 3463 tam·

224 3515 313 3572 quam
337 3497 496 3556 simulacro
515 3497 650 3573 posuisse
673 3491 812 3554 videtur'.
855 3495 913 3555 Res
937 3497 1057 3554 omnino
1080 3495 1241 3570 perspicua

223 3585 258 3644 fit
281 3585 439 3644 observata
460 3588 585 3661 ratione,
609 3604 669 3661 qua
693 3584 765 3642 alibi
787 3585 819 3643 in
842 3585 945 3644 eodem
967 3584 1069 3642 libello
1092 3583 1239 3642 Firmicus
