2684 4062
222 224 266 286 44
575 225 713 282 FIRMIOI
731 226 899 280 MATERNI
992 262 993 266 ,
1057 268 1060 276 .

221 411 302 451 mors
335 393 472 469 sequitur
501 413 616 470 semper
649 397 679 454 et
709 415 815 471 poena.
861 396 926 456 Hoc
958 395 1038 472 quod
1065 394 1175 453 bibisse
1206 397 1237 453 te

221 481 387 556 praedicas,
417 484 539 542 vitalem
570 503 677 543 venam
710 484 834 561 stringit
859 488 892 543 in
923 487 1058 559 mortem,
1092 487 1122 543 et
1154 484 1237 543 sedes

223 571 340 632 animae
368 571 561 646 contaminat,
589 576 619 632 et
645 573 793 631 malorum
821 576 1045 633 continuatione
1071 573 1236 632 conturbat.

222 659 310 726 Alius
338 666 383 719 est
411 662 494 720 cibus
524 662 575 736 qui
603 663 731 721 salutem
757 663 886 740 largitur
913 667 943 722 et
965 666 1069 737 vitam,
1093 663 1169 720 alius
1193 665 1239 721 est

223 749 306 807 cibus
329 752 382 825 qui
404 749 554 809 hominem
578 753 633 810 deo
658 767 790 810 summo·
815 755 845 811 et
868 753 1056 811 commendat
1078 756 1109 811 et
1131 751 1237 827 reddit,
1268 773 1281 813 s

223 839 300 902 alius
330 842 376 897 est
402 839 486 898 cibus
514 842 567 915 qui
594 841 770 918 languentes
798 842 925 900 relevat·
949 843 1081 900 errantes
1104 845 1237 900 revocat'

224 929 322 1002 lapsos
342 929 440 1005 erigit,
459 930 513 1004 qui
530 929 725 988 morientibus
745 931 883 989 aeternae
901 930 1130 990 inmortalitatis
1147 930 1237 1007 largi-

221 1018 272 1074 tur
297 1017 435 1094 insignia.
482 1017 593 1076 Christi
620 1038 728 1094 panem
752 1018 863 1079 Christi
890 1020 1030 1094 poculum
1058 1038 1175 1094 quaere,
1204 1022 1239 1077 ut

148 1122 208 1172 (ros)
222 1106 341 1164 terrena
368 1107 535 1184 fragilitate
563 1111 751 1183 contempta·
775 1109 944 1167 substantia
971 1109 1100 1168 hominis
1128 1110 1237 1166 inmor-

188 1206 203 1254 3
223 1195 279 1253 tali
301 1195 412 1270 pabulo
436 1197 596 1274 saginetur.
635 1196 707 1265 Quis
727 1199 772 1256 est
791 1201 890 1256 autem
909 1199 958 1256 hic
978 1199 1063 1273 panis
1086 1198 1134 1256 vel
1158 1197 1282 1273 quodie

223 1284 363 1360 poculum
390 1287 422 1342 in
444 1285 530 1344 libris
564 1285 731 1345 Salomonis
764 1287 913 1362 sapientia
939 1305 1049 1364 magna
1072 1305 1143 1346 voce
1171 1305 1239 1361 pro-

223 1371 356 1432 clamat?
379 1374 433 1432 Ait
452 1375 543 1432 enim:
568 1369 703 1433 ‘Venite
726 1376 939 1434 manducate
964 1377 1003 1433 de
1026 1378 1114 1434 meis
1138 1378 1239 1450 pani·

222 1461 286 1522 bus
310 1466 345 1521 et
367 1462 483 1522 bibito
507 1466 627 1523 vinum
651 1465 743 1540 quo‘d
766 1459 920 1524 misoui'.
966 1466 1007 1524 Et
1025 1465 1240 1523 Melchisedech

222 1571 274 1610 rex
299 1551 398 1610 Salem
421 1556 452 1611 et
474 1554 611 1612 sacerdos
634 1554 742 1611 summi
767 1555 814 1612 dei
836 1555 996 1613 revertenti
1014 1553 1153 1612 Abrahae
1168 1573 1240 1624 ,cum

222 1659 300 1716 pane
328 1644 358 1699 et
380 1643 451 1701 vino
479 1643 694 1702 benedictionis
723 1644 834 1718 optulit
857 1645 993 1721 gratiam.
1040 1643 1126 1702 Isaac
1149 1645 1240 1701 etiam
1256 1666 1282 1706 rs

222 1748 291 1789 cum
309 1731 399 1788 Iacob
417 1730 624 1806 benedixisset,
643 1749 711 1789 cum
728 1732 785 1790 hoc
803 1733 882 1791 idem
900 1733 982 1791 Esau
996 1728 1057 1810 (a)
1071 1734 1157 1807 patre
1171 1751 1238 1807 sup·

223 1819 342 1895 pliciter
370 1821 509 1896 exigeret,
537 1819 691 1895 respondit
719 1822 745 1877 ei
773 1824 872 1896 pater:
897 1816 1118 1880 ‘Dominum'
1141 1823 1240 1896 inquit

223 1903 343 1970 fillum
371 1909 443 1967 feci
470 1912 569 1968 tuum
597 1913 632 1968 et
659 1928 778 1968 omnes
805 1910 939 1969 fratres
968 1912 1044 1969 eius
1073 1911 1144 1970 feci
1167 1929 1239 1969 ser·

222 2016 297 2075 vos,
321 1997 449 2057 tritico
474 2001 508 2056 et
531 2000 614 2056 vino
638 2000 857 2058 confirmavi
879 1995 1008 2057 illum’.
1052 1997 1136 2058 Tunc
1158 2000 1241 2058 Esau

223 2105 309 2145 casus
342 2105 410 2146 suos
443 2087 551 2145 misera
584 2089 797 2146 lamentatione
831 2089 958 2162 deflevit,
986 2091 1058 2164 quia
1087 2089 1182 2147 tritici
1210 2090 1240 2146 et
1255 2113 1283 2150 eo

313 2273 348 2328 21
369 2276 434 2329 dccl.
451 2276 482 2328 X
498 2280 528 2328 4.·
547 2274 604 2327 iam
622 2274 711 2344 gelidi
728 2275 811 2345 piger
829 2276 952 2344 corporis
967 2275 1081 2346 sanguis
1097 2292 1191 2330 omnes
1210 2275 1240 2328 in

222 2349 342 2400 mortem
366 2347 516 2400 strinxerat
534 2362 628 2400 venas.
656 2348 691 2413 cf.
707 2348 742 2400 Α.
758 2348 867 2414 Becker,
891 2349 983 2402 Iulius
1006 2347 1148 2401 Firmicus
1173 2347 1239 2408 Mae

223 2425 316 2472 terreus
334 2419 393 2472 aad
411 2417 716 2486 Pseudo-Quintilian,
740 2419 840 2486 Philet.
860 2420 937 2473 LVI
952 2423 1014 2473 476.
1125 2417 1162 2471 12
1182 2419 1240 2472 Sol.

224 2490 305 2544 Proo.
320 2494 347 2556 9,
357 2494 382 2543 5.
457 2489 494 2543 13
515 2489 609 2543 Genea
625 2494 723 2556 14,18.
797 2489 832 2543 17
856 2490 950 2544 Genea
965 2495 1010 2557 27,
1020 2494 1064 2545 37.

314 2650 329 2703 1
350 2666 424 2721 pena
442 2651 502 2704 Hoc
521 2653 554 2704 P.
628 2649 646 2703 2
666 2650 692 2704 d.
703 2668 733 2719 p.
748 2650 895 2719 praedicas
915 2652 979 2704 cdd.
1055 2649 1073 2704 3
1093 2651 1118 2704 d.
1129 2668 1161 2719 p.
1176 2667 1240 2704 con-

222 2721 343 2784 taminat
362 2721 426 2776 add.
491 2722 509 2776 5
529 2725 608 2775 sumo
626 2723 660 2788 P,
679 2726 787 2775 stimmo
807 2722 928 2790 effecttp
948 2723 1055 2776 lincolie
1072 2724 1151 2777 rectis
1168 2724 1242 2776 tutet

222 2795 348 2864 stapulas
367 2795 472 2849 litterae
490 2812 519 2846 m
537 2795 631 2848 boetus
649 2793 826 2858 intermiserim
845 2795 871 2847 d.
887 2794 952 2847 add.
1015 2793 1033 2846 6
1051 2794 1078 2846 d.
1088 2812 1119 2862 p.
1134 2793 1242 2846 relevat

223 2865 287 2920 cdd.
349 2865 412 2918 td.
422 2883 453 2934 p.
469 2867 631 2933 contempta
650 2865 714 2918 add.
764 2863 886 2920 nominis
905 2867 938 2919 P.
999 2864 1037 2917 16
1057 2868 1086 2918 et
1104 2881 1167 2918 cum
1185 2864 1241 2918 hoc

222 2937 327 2991 occult
345 2938 403 2991 Hc.
459 2953 476 2990 a
495 2936 559 2990 cdd.
575 2937 620 2990 rt.
673 2942 739 3004 poet
756 2938 837 3004 patre
855 2943 908 2990 tres
927 2937 1032 2990 litterae
1050 2953 1152 3001 cresce,
1171 2953 1243 3005 quac

222 3009 351 3063 videatur
365 3024 414 3062 suo
429 3009 530 3074 fcisse5
544 3025 582 3061 aa
597 3023 649 3074 sup
664 3008 705 3061 bis
718 3007 870 3075 comptum?
921 3007 960 3061 20
973 3009 999 3061 d.
1005 3025 1036 3076 p.
1048 3007 1160 3061 deflevit
1175 3008 1240 3061 cdd.

313 3185 330 3238 2
351 3187 441 3240 Mart.
458 3191 549 3252 33,22
572 3185 709 3254 serpentis
732 3185 805 3239 ictus
829 3201 913 3238 venas
933 3185 1047 3256 stringit
1064 3185 1094 3237 in
1113 3188 1239 3238 mortem.

223 3261 257 3325 cf.
275 3260 325 3312 Mo
340 3263 383 3311 19.
421 3258 599 3324 temate.
639 3257 705 3324 les.
716 3261 761 3323 50,
771 3260 816 3311 18.
836 3261 882 3323 69,
891 3261 918 3310 8.
948 3259 1038 3311 Mart.
1054 3254 1243 3311 LXXXIXr

222 3331 304 3384 145:
321 3346 373 3398 per
390 3329 578 3382 immortalem
597 3330 728 3382 aeternae
747 3327 946 3396 perpetuitatis
965 3328 1100 3381 ordinem.
1128 3329 1179 3382 Mo
1193 3332 1240 3382 21.

280 3403 368 3455 Matb.
384 3404 447 3466 127,
456 3404 492 3456 21
507 3399 576 3470 (sol)
590 3415 710 3468 magnae
728 3398 887 3453 nobilitatis
905 3399 1026 3467 largitur
1043 3398 1174 3468 insignia.
1203 3399 1239 3465 cf.

223 3477 338 3538 133,14.
362 3477 423 3538 154,
432 3477 477 3527 21.
502 3476 619 3538 183‚19.
643 3476 707 3536 226,
718 3475 742 3526 3.
772 3469 959 3525 LXVIIP'I
970 3476 1013 3526 30.
1105 3471 1123 3522 a
1147 3473 1181 3538 cf.
1201 3470 1241 3524 ad

223 3547 268 3609 53,
279 3549 321 3599 10.
405 3542 444 3596 20
464 3544 554 3598 Math.
570 3543 659 3596 LXX
666 3541 740 3597 Vw
750 3543 788 3595 ΙΙ
800 3547 835 3597 13
853 3541 935 3595 Hunc
955 3543 1023 3609 (scil.
1039 3543 1239 3609 Arcbtmcdcm)

222 3614 372 3667 Marcellus
444 3614 559 3684 lugubri
577 3629 702 3667 maerore
721 3613 840 3666 deflevit.
