2684 4062
213 201 256 266 58
560 198 698 254 11111111
716 198 885 253 11111111

214 370 375 443 oraculum,
398 388 451 428 nec
474 368 642 428 hominibus
666 386 697 428 se
720 372 788 444 post
811 369 937 426 mortem
965 370 999 426 ut
1021 367 1081 426 sibi
1099 367 1231 426 credere·

212 461 263 517 tur
295 458 433 518 ostendit.
480 458 573 517 Nulla
604 458 692 518 huius
725 460 823 533 operis
855 457 1033 515 documenta
1064 458 1231 531 praemisit,

213 565 267 607 nec
286 567 316 607 se
334 548 391 607 boc
408 548 558 606 facturum
577 565 639 606 esse
662 545 907 622 praecedentibus
930 547 1111 605 monstravit
1134 564 1231 604 exem-

180 645 195 692 3
214 637 280 712 plis.
313 637 431 695 Idolum
450 637 566 712 sepelis,
588 636 703 696 idolum
726 636 855 712 plangis,
877 635 991 694 idolum
1014 633 1050 693 de
1074 634 1231 709 sepultura

213 727 349 802 proferis,
381 729 412 784 et
442 727 533 784 miser
565 743 632 784 cum
664 724 736 783 haec
767 725 872 783 feceris
905 724 1023 801 gaudee.
1071 724 1116 781 Tu
1139 723 1231 782 deum
1260 742 1272 781 s

213 818 299 874 tuum
322 814 441 888 liberae,
464 818 499 872 tu
521 816 652 874 iacentia
675 813 784 890 lapidis
808 813 940 873 membra
963 815 1114 888 conponis,
1132 816 1167 871 tu
1184 813 1229 870 in-

214 903 353 962 sensibile
378 906 501 982 corrigis
525 922 637 962 saxum.
675 902 744 962 Tibi
767 906 840 979 agat
862 904 977 980 gratim
1000 903 1072 960 deus
1094 904 1176 975 tuus,
1200 903 1231 960 te

213 993 337 1068 peribus
361 1001 528 1052 remuneret
550 992 645 1066 donis,
668 995 698 1050 te
718 994 767 1051 sui
785 993 860 1050 velit
878 1008 941 1050 esse
959 992 1146 1066 participem.
1181 990 1231 1048 Sic

180 1084 353 1142 lmoriaris
376 1085 410 1142 ut
433 1083 568 1155 moritur,
591 1084 633 1140 sic
656 1083 741 1140 vivas
764 1088 799 1140 ut
822 1082 906 1141 vivit.
943 1080 1022 1138 Nam
1045 1081 1125 1155 quod
1149 1079 1231 1139 olore

214 1173 440 1248 perunguantur
461 1173 571 1244 fauces,
599 1172 666 1246 quis
689 1189 749 1228 non
776 1170 893 1229 facinus
914 1169 997 1228 istud
1020 1169 1156 1247 dispectu
1178 1188 1227 1228 va·
1246 1187 1274 1225 ro

214 1262 309 1319 nitate
333 1257 545 1336 contempnat?
574 1259 674 1318 Habet
697 1278 767 1335 ergo
791 1258 927 1318 diabolus
951 1259 1076 1316 christos
1100 1277 1177 1333 11101,
1201 1262 1231 1317 11

109 1378 146 1420 for,
158 1371 202 1414 aar
217 1351 288 1426 quia
310 1352 375 1427 ipse
398 1349 592 1408 antichristus
615 1350 660 1408 est
684 1347 722 1406 ad
748 1349 906 1406 infamiam
926 1341 930 1424 l
950 1349 1079 1406 nominis
1103 1349 1149 1406 sui
1175 1349 1231 1405 mi·

214 1456 294 1498 seros
327 1439 461 1498 homines
493 1439 637 1497 scelerate
669 1439 810 1496 societate
843 1437 987 1513 perducit.
1037 1436 1231 1515 Unguentum

214 1529 269 1587 hoo
296 1546 415 1587 reserva
442 1530 585 1586 mortuis·
604 1545 724 1587 reserva
750 1529 918 1601 morituris,
946 1527 981 1584 ut
1009 1543 1082 1602 quos
1115 1526 1231 1601 laqueis

215 1619 275 1676 tuis
307 1619 429 1693 ceperis,
462 1635 512 1676 eos
544 1619 690 1676 venenato
723 1618 875 1694 unguento
909 1615 1017 1674 oblitos
1045 1615 1166 1691 lugubri
1196 1633 1232 1672 ac
1247 1631 1273 1671 11

214 1707 331 1764 funesto
356 1723 472 1782 semper
494 1724 611 1782 mergus
635 1707 735 1764 exitio.

303 1795 412 1854 XXIII.
435 1794 530 1853 Aliud
553 1797 598 1854 est
621 1797 808 1871 unguentum
831 1793 911 1869 quod
938 1792 1010 1852 deus
1033 1796 1120 1868 peter
1143 1795 1231 1851 unico

214 1884 341 1943 tradidit
367 1883 439 1960 filio,
467 1883 546 1959 quod
574 1883 653 1942 filius
681 1882 867 1942 credentibus
896 1882 999 1941 divina
1026 1883 1157 1940 numinis
1185 1885 1233 1940 sui

215 1975 371 2032 maiestate
399 1974 536 2048 largitur.
583 1971 695 2031 Christi
722 1973 907 2048 unguentum
934 1971 1100 2030 immortali
1123 1989 1231 2048 conpo-

216 2063 323 2120 sitione
356 2061 523 2135 conficitur,
558 2064 588 2123 et
620 2061 806 2137 spIritalibus
837 2061 1061 2136 pigmentorum
1092 2059 1232 2120 odoribus
1247 2079 1275 2116 1ο

215 2153 407 2226 temperatur.
448 2151 514 2209 Hoc
537 2151 724 2228 unguentum
749 2169 767 2208 a
788 2149 966 2219 mortalibus
990 2149 1105 2225 laqueis
1129 2152 1232 2225 putres

214 2241 372 2300 hominum
395 2243 477 2298 crtus
500 2241 591 2315 exuit,
614 2242 649 2297 ut
667 2239 785 2314 sepulto
804 2241 901 2314 primo
924 2239 1060 2296 homine·
1076 2258 1111 2297 ex
1131 2237 1233 2297 eodem

217 2331 320 2388 statIm
347 2329 477 2392 1111111111Ι
495 2329 584 2387 homo
613 2328 689 2388 elius
717 2329 834 2388 felicius
862 2331 1009 2386 nascetur.
1055 2328 1096 2386 Et
1119 2329 1155 2385 ut
1177 2327 1234 2386 hoc

215 2418 403 2478 manifestius
436 2419 608 2493 explicetur,
642 2436 793 2476 sacrarum
825 2417 986 2475 lectionum
1018 2434 1127 2476 arcena
1159 2435 1232 2492 pan-

182 2507 312 2567 tdenda
335 2511 414 2566 sunt.
459 2507 513 2566 Ait
536 2509 614 2565 enim
639 2506 738 2566 David
762 2509 795 2565 ut
817 2507 905 2564 huius
929 2507 1076 2582 unguenti
1103 2507 1232 2583 gratiam
1249 2522 1276 2560 ss

215 2596 359 2656 traderet:
392 2591 602 2672 ‘speciosus
634 2596 749 2655 forme
780 2614 866 2671 prae
898 2594 993 2653 filiis
1026 2594 1233 2670 hominum,

306 2783 344 2837 26
364 2786 411 2839 Ρ1,
425 2789 469 2851 44,
480 2788 559 2838 3—9.

307 2926 472 2999 lprgmisit
489 2925 549 2980 Nec
569 2928 601 2980 P.
675 2923 844 2993 bproferis:
864 2925 898 2991 cf.
914 2923 1020 2990 11150,
1036 2929 1077 2979 14.
1114 2922 1234 2992 proferis

218 2999 253 3052 de
272 2997 418 3068 sepultura
436 2998 481 3053 St.
554 2997 569 3051 7
588 3000 654 3050 tuus
673 2996 712 3050 Te
727 2998 760 3050 P.
835 2996 852 3049 o
872 3011 927 3064 quo
947 2994 1042 3049 dolore
1062 2998 1095 3061 P,
1114 3013 1161 3050 em.
1178 2995 1234 3061 Bu,

235 3071 266 3124 ui
284 3073 367 3124 etiam
386 3069 462 3139 quod
476 3068 561 3122 odore
574 3069 729 3137 proposuit,
744 3067 816 3137 quod
825 3068 961 3136 praetulit
976 3068 1034 3121 Ha.
1108 3066 1146 3120 10
1165 3067 1191 3120 d.
1202 3085 1233 3134 p.

217 3089 314 3195 Iauces
329 3142 393 3196 add.
445 3140 577 3208 despectu
592 3140 651 3194 edd.
668 3147 731 3193 acte
746 3140 802 3193 Hc.
843 3138 878 3191 13
893 3138 1024 3207 perducit
1038 3137 1191 3262 Unguentri
1202 3140 1234 3192 P.

253 3213 299 3267 dd.
309 3230 339 3280 p.
356 3211 393 3266 15
413 3211 520 3283 ceperis
541 3213 591 3278 (sic
611 3214 647 3279 P)
667 3210 748 3264 1120
768 3209 913 3263 conficitur
931 3216 956 3265 et
980 3208 1017 3263 24
1037 3225 1089 3278 exp
1102 3210 1193 3263 icetur
1211 3217 1235 3265 et

220 3282 258 3338 26
276 3283 421 3337 hominum
441 3283 505 3337 add.
586 3281 623 3336 25
643 3284 708 3335 sunt
726 3281 775 3334 Ait
789 3283 823 3335 P.

310 3441 347 3498 18
368 3444 458 3500 Mate.
473 3446 565 3510 1111
584 3442 694 3511 providi
708 3440 831 3494 numinis
851 3459 883 3495 11
903 3440 1014 3494 divinae
1033 3440 1197 3495 maiestatis.

220 3515 257 3569 19
278 3517 459 3582 11111111
477 3514 612 3569 societate
630 3512 757 3584 largitur.
827 3511 864 3567 20
886 3513 976 3566 Matb.
993 3516 1098 3580 14114
1117 3513 1236 3565 odorum

218 3587 371 3656 pigmenta.
446 3584 484 3640 24
503 3588 537 3654 cf.
553 3585 591 3641 ad
608 3587 709 3653 26,25.
