2698 4068
597 244 613 304 s
632 245 648 294 e
995 227 1131 300 'xxxva

113 425 167 474 nos
199 406 375 482 rhythmicis
406 407 574 468 rationibus
605 411 779 484 putaremus
812 409 1031 485 quodammodo
1064 429 1130 470 eam

113 498 247 555 excusari
278 515 374 571 posse.
419 496 463 555 At
486 497 567 572 quod
591 497 616 571 Q
638 498 823 575 legebamus,
857 497 964 573 Oest3
996 499 1076 575 quod
1097 501 1131 558 aa'

112 584 285 658 videbatur,
303 588 348 644 est
365 603 409 659 ηις
433 586 547 661 quodd
565 587 764 664 credebamus,
787 606 809 646 a
826 591 872 646 est
891 579 982 668 (quae
1000 587 1130 664 litterae,

112 673 165 732 ubi
188 675 336 750 scriptura
358 675 420 733 fere
442 693 564 750 prorsus
588 677 717 749 evanuit,
745 677 872 735 nonita
894 677 1024 735 multum
1047 677 1129 734 diffe-

112 754 211 842 runt);
245 779 319 839 quas
352 762 479 840 denique
506 764 623 824 litteras
652 768 686 823 ut
710 769 735 822 et
757 768 787 823 et
809 767 924 840 priores
948 769 978 824 et
1000 785 1054 826 nos
1078 785 1129 842 ag·

112 851 322 926 noscebamus,
355 852 419 912 sola
443 871 457 911 c
480 857 525 912 est
556 853 643 912 hasta
669 856 757 912 aucta
788 856 961 914 transversa
986 855 1130 932 longiore,

114 959 205 1016 quam
227 959 282 1000 nos
306 941 378 1000 olim
400 941 520 1000 litterae
548 946 560 999 t
586 942 704 1002 hastam
728 945 910 1018 superiorem
933 943 1130 1021 fingebamus:

115 1029 206 1088 Omne
229 1032 306 1088 caim
328 1031 404 1103 qaod
421 1035 517 1104 potest
538 1032 633 1091 dividi
655 1049 759 1104 corpas
782 1037 823 1090 est
846 1024 881 1114 (4
901 1027 1030 1111 creticil)
1050 1036 1130 1092 reete

112 1137 144 1178 se
167 1118 276 1178 habere
299 1123 433 1196 apparet.
480 1117 620 1179 Conferre
647 1126 748 1183 tamen
776 1122 866 1180 liceat
888 1121 987 1179 locum
1009 1122 1090 1196 XIV,
1111 1124 1129 1180 2

111 1207 194 1267 Nara
226 1225 309 1268 omae
341 1210 417 1281 qaod
452 1214 608 1268 aescemtar
642 1211 771 1269 homines
801 1211 899 1284 percas
936 1215 1062 1269 accatar.
1087 1243 1129 1252 —

112 1297 207 1356 Paulo
246 1300 316 1372 post
351 1297 403 1356 ubi
441 1296 465 1356 0
497 1301 612 1373 eyrepia
642 1298 727 1358 nobis
757 1298 933 1358 videbamur
964 1301 1130 1376 perspicere

114 1405 149 1443 ex
185 1386 295 1444 Krollji
332 1386 516 1462 coniectura,
553 1387 773 1463 decipiebamur
809 1388 920 1446 unciali
956 1389 1076 1448 litterae
1109 1385 1130 1449 Ε

112 1475 222 1550 forma,
261 1493 319 1550 qua
356 1494 467 1534 novum
504 1476 590 1535 colon
627 1478 785 1551 incipitur,
824 1477 899 1535 nihil
936 1478 1030 1554 igitur
1065 1498 1129 1536 mu·

111 1563 245 1622 tandum.

202 1653 238 1710 In
267 1653 340 1711 folio
374 1655 431 1710 12v
458 1647 536 1734 (cap.
560 1653 618 1712 XII
643 1647 749 1732 8sqq.)
782 1673 841 1713 non
873 1653 1020 1714 Saturnus
1042 1672 1130 1730 rapae

112 1744 215 1801 timens
239 1743 336 1800 exstat
358 1743 390 1799 in
414 1742 514 1801 codiee
537 1742 604 1802 loco
622 1742 841 1816 obscurissimo,
863 1746 898 1801 ut
916 1744 1035 1804 Flacius
1054 1746 1130 1803 cete-

111 1832 197 1906 rique
219 1830 373 1908 legebant,
403 1831 454 1891 sed
469 1847 598 1905 peraeae,
625 1834 645 1890 i.
670 1831 704 1890 e.'
712 1849 772 1906 pro
793 1849 880 1906 repca
904 1835 1014 1892 timeas.
1061 1833 1130 1892 Mox

112 1919 165 1978 ubi
178 1921 310 1994 deceptas
325 1920 478 1993 (Jappc'ter
492 1919 612 1994 dormit)
636 1940 704 1980 eum
722 1921 825 1979 Flacio
844 1921 1021 1995 scribebant,
1041 1941 1131 1998 quam

112 2026 214 2068 vocem
236 2010 268 2067 in
291 2010 320 2066 P
338 2010 400 2066 fere
424 2009 579 2069 evanuisse
601 2009 740 2068 Halmius
763 2012 907 2085 testatur,
936 2029 989 2071 nos
1012 2011 1130 2070 litteras

112 2099 178 2156 c'aaa'
192 2099 355 2157 certissime
369 2099 561 2174 dispersimus,
584 2118 653 2157 cum
675 2100 795 2158 litterae
814 2102 861 2158 tas
874 2100 906 2157 in
920 2119 1015 2159 novae
1033 2101 1130 2158 lineae

111 2186 199 2245 initio
224 2189 345 2246 omnino
368 2187 466 2246 clarae
490 2188 558 2246 sint.
605 2189 690 2248 Novo
721 2190 764 2248 sie
786 2189 901 2248 lumine
925 2189 1020 2248 oratio
1044 2209 1129 2248 orna·

112 2278 176 2333 tur:
205 2276 248 2334 Et
270 2282 370 2335 coatra
402 2277 578 2336 volantatem
607 2280 709 2336 aaorc's
733 2282 759 2335 et
780 2278 861 2350 silice
887 2278 1023 2337 Troiaar‘s
1046 2281 1130 2337 caat—

112 2365 185 2423 laaa
206 2366 303 2438 sareas
325 2367 436 2424 accras
458 2366 599 2439 Jappitcr
621 2367 734 2425 dorrait.
772 2367 1028 2443 Respondentibus
1052 2368 1130 2426 inter

112 2473 143 2513 se
179 2453 301 2514 vocibus
338 2459 439 2514 contra
477 2455 654 2513 volumtatem
690 2459 719 2514 et
755 2457 864 2514 tacitae
901 2455 1025 2514 ridenda
1062 2457 1129 2515 deo·

111 2561 178 2600 rum
201 2543 280 2602 iuter
303 2562 334 2603 se
358 2545 510 2603 contentio
537 2562 597 2601 non
626 2546 690 2602 sine
713 2544 775 2603 sale
798 2544 944 2603 illuditur.
969 2577 1010 2586 -
1035 2545 1130 2606 Paulo

111 2635 182 2708 post
211 2650 297 2692 casas
327 2651 382 2708 pro
412 2633 505 2692 cattas
535 2635 669 2708 priorum
691 2635 752 2692 iam
776 2634 848 2692 olim
871 2634 1130 2709 perspiciebamus,

112 2721 148 2780 de
180 2723 278 2797 priore
312 2721 458 2780 adiectivo
491 2722 637 2781 attributo
671 2722 895 2796 dubitabamus3
931 2741 1018 2798 nune,
1051 2723 1130 2798 quod

111 2811 171 2870 iam
203 2813 274 2870 tunc
311 2813 419 2869 incerti
449 2810 701 2886 proponebamus,
738 2813 812 2870 satis
845 2811 934 2870 certis
965 2813 998 2870 iu
1030 2811 1130 2872 codice

111 2901 247 2976 vestigiis
260 2899 385 2974 inducti,
401 2900 498 2959 acerla¹
510 2900 704 2959 restituimus.
737 2899 904 2958 Comuntur
918 2903 997 2960 enim
1011 2901 1130 2960 litterae

111 2991 144 3047 aa'
174 2989 325 3065 finienteS,
358 2993 389 3047 et
420 2988 541 3048 modulo
575 2988 702 3048 adducto
740 2990 871 3064 spatium
908 2991 1130 3050 accuratissime

112 3095 272 3155 congruere
295 3078 426 3138 vidimus
450 3096 516 3135 cum
540 3097 574 3137 eo
598 3080 710 3154 spatio,
733 3078 812 3154 quod
836 3078 903 3137 aliis
928 3079 1037 3138 codicis
1056 3079 1129 3138 loeis

110 3185 168 3226 vox
200 3171 300 3226 ecerat
323 3199 365 3208 —
390 3169 432 3226 sic
464 3169 543 3226 enim
574 3185 689 3242 semper
717 3186 772 3242 pro
800 3169 897 3226 acerbi
919 3170 1063 3244 scriptum
1086 3199 1130 3207 -

112 3256 220 3332 explet,
250 3257 366 3316 scilieet
392 3256 464 3314 XVI
484 3258 511 3314 3.
535 3256 605 3314 XIX
627 3259 652 3315 7.
700 3255 815 3314 Deinde
843 3274 902 3314 non
930 3256 980 3315 Ad
1007 3259 1130 3316 baram

112 3346 221 3404 cultura
253 3346 305 3404 sed
327 3344 379 3404 Aa
400 3347 504 3404 acram
527 3363 563 3422 a,
595 3348 626 3403 et
649 3343 770 3403 difficile
794 3348 838 3404 est
861 3345 1024 3423 intellectu,
1057 3364 1128 3421 quo-

110 3551 206 3620 Halm)
225 3567 275 3606 aar
293 3552 390 3606 etcae'aa
408 3550 543 3605 occultare
623 3557 724 3605 secreta
742 3549 818 3604 siat?
845 3549 940 3604 nullus
959 3548 1051 3603 adhuc
1070 3549 1128 3603 edi·

110 3625 156 3676 tor
173 3622 272 3675 vitium
292 3621 451 3690 suspicatus
471 3623 521 3676 est.
