<?xml version="1.0" encoding="UTF-8"?>
<!DOCTYPE html PUBLIC "-//W3C//DTD XHTML 1.0 Transitional//EN"
    "http://www.w3.org/TR/xhtml1/DTD/xhtml1-transitional.dtd">
<html xmlns="http://www.w3.org/1999/xhtml" xml:lang="en" lang="en">
 <head>
  <title>
</title>
<meta http-equiv="Content-Type" content="text/html;charset=utf-8" />
  <meta name='ocr-system' content='tesseract 3.04.00' />
  <meta name='ocr-capabilities' content='ocr_page ocr_carea ocr_par ocr_line ocrx_word'/>
</head>
<body>
  <div class='ocr_page' id='page_1' title='image "./iulifirmicimate01zieggoog_0100.png"; bbox 0 0 2684 4062; ppageno 0'>
   <div class='ocr_carea' id='block_1_1' title="bbox 291 217 1116 281">
    <p class='ocr_par' dir='ltr' id='par_1_1' title="bbox 291 217 1116 281">
     <span class='ocr_line' id='line_1_1' title="bbox 291 217 1116 281; baseline 0.012 -10"><span class='ocrx_word' id='word_1_1' title='bbox 291 219 340 272; x_wconf 81' lang='lat' dir='ltr'><strong>Da</strong></span> <span class='ocrx_word' id='word_1_2' title='bbox 358 217 507 273; x_wconf 81' lang='lat' dir='ltr'>ERRORE</span> <span class='ocrx_word' id='word_1_3' title='bbox 526 218 629 273; x_wconf 82' lang='lat' dir='ltr'>PROF.</span> <span class='ocrx_word' id='word_1_4' title='bbox 643 219 722 275; x_wconf 83' lang='lat' dir='ltr'>REL.</span> <span class='ocrx_word' id='word_1_5' title='bbox 742 217 818 274; x_wconf 81' lang='lat' dir='ltr'><strong>OAP.</strong></span> <span class='ocrx_word' id='word_1_6' title='bbox 833 218 924 272; x_wconf 88' lang='lat' dir='ltr'><strong>XVIII</strong></span> <span class='ocrx_word' id='word_1_7' title='bbox 1070 217 1116 281; x_wconf 75' lang='lat'><strong>45</strong></span> 
     </span>
    </p>
   </div>
   <div class='ocr_carea' id='block_1_2' title="bbox 99 385 1150 643">
    <p class='ocr_par' dir='ltr' id='par_1_2' title="bbox 99 385 1150 643">
     <span class='ocr_line' id='line_1_2' title="bbox 99 385 1150 466; baseline -0.002 -16"><span class='ocrx_word' id='word_1_8' title='bbox 99 390 171 462; x_wconf 80' lang='lat' dir='ltr'><strong>vini,</strong></span> <span class='ocrx_word' id='word_1_9' title='bbox 203 389 235 446; x_wconf 91' lang='lat' dir='ltr'><strong>id</strong></span> <span class='ocrx_word' id='word_1_10' title='bbox 268 391 313 447; x_wconf 89' lang='lat' dir='ltr'><strong>est</strong></span> <span class='ocrx_word' id='word_1_11' title='bbox 344 388 463 448; x_wconf 89' lang='lat' dir='ltr'><strong>futurae</strong></span> <span class='ocrx_word' id='word_1_12' title='bbox 496 389 650 447; x_wconf 72' lang='lat' dir='ltr'><strong>felicitatis</strong></span> <span class='ocrx_word' id='word_1_13' title='bbox 683 388 814 463; x_wconf 83' lang='lat' dir='ltr'><strong>perdidit</strong></span> <span class='ocrx_word' id='word_1_14' title='bbox 843 389 981 466; x_wconf 78' lang='lat' dir='ltr'><strong>gratiam.</strong></span> <span class='ocrx_word' id='word_1_15' title='bbox 1029 385 1150 456; x_wconf 72' lang='lat' dir='ltr'><strong>Quodr</strong></span> 
     </span>
     <span class='ocr_line' id='line_1_3' title="bbox 100 476 1114 558; baseline -0.003 -22"><span class='ocrx_word' id='word_1_16' title='bbox 100 481 216 558; x_wconf 18' lang='lat' dir='ltr'><strong>antem·</strong></span> <span class='ocrx_word' id='word_1_17' title='bbox 236 479 416 538; x_wconf 84' lang='lat' dir='ltr'><strong>consecratis</strong></span> <span class='ocrx_word' id='word_1_18' title='bbox 448 477 618 536; x_wconf 89' lang='lat' dir='ltr'><strong>hominibus</strong></span> <span class='ocrx_word' id='word_1_19' title='bbox 650 496 668 534; x_wconf 89' lang='lat' dir='ltr'><strong>a</strong></span> <span class='ocrx_word' id='word_1_20' title='bbox 701 477 755 535; x_wconf 91' lang='lat' dir='ltr'><strong>deo</strong></span> <span class='ocrx_word' id='word_1_21' title='bbox 787 479 874 551; x_wconf 91' lang='lat' dir='ltr'><strong>panis</strong></span> <span class='ocrx_word' id='word_1_22' title='bbox 906 476 1025 535; x_wconf 86' lang='lat' dir='ltr'><strong>(livinus</strong></span> <span class='ocrx_word' id='word_1_23' title='bbox 1057 477 1114 534; x_wconf 89' lang='lat' dir='ltr'><strong>iste</strong></span> 
     </span>
     <span class='ocr_line' id='line_1_4' title="bbox 100 561 1115 643; baseline -0.004 -18"><span class='ocrx_word' id='word_1_24' title='bbox 100 569 276 643; x_wconf 89' lang='lat' dir='ltr'><strong>praestetur,</strong></span> <span class='ocrx_word' id='word_1_25' title='bbox 298 586 353 642; x_wconf 91' lang='lat' dir='ltr'><strong>per</strong></span> <span class='ocrx_word' id='word_1_26' title='bbox 376 567 499 626; x_wconf 79' lang='lat' dir='ltr'><strong>Esaiam</strong></span> <span class='ocrx_word' id='word_1_27' title='bbox 522 567 596 624; x_wconf 86' lang='lat' dir='ltr'><strong>dicit</strong></span> <span class='ocrx_word' id='word_1_28' title='bbox 620 567 744 643; x_wconf 88' lang='lat' dir='ltr'><strong>spiritus</strong></span> <span class='ocrx_word' id='word_1_29' title='bbox 768 569 902 626; x_wconf 91' lang='lat' dir='ltr'><strong>sanctus:</strong></span> <span class='ocrx_word' id='word_1_30' title='bbox 926 561 1001 625; x_wconf 82' lang='lat' dir='ltr'><strong>‘Sic</strong></span> <span class='ocrx_word' id='word_1_31' title='bbox 1023 564 1115 624; x_wconf 87' lang='lat' dir='ltr'><strong>dicit</strong></span> 
     </span>
    </p>
   </div>
   <div class='ocr_carea' id='block_1_3' title="bbox 61 655 1223 2604">
    <p class='ocr_par' dir='ltr' id='par_1_3' title="bbox 100 655 1115 731">
     <span class='ocr_line' id='line_1_5' title="bbox 100 655 1115 731; baseline -0.003 -17"><span class='ocrx_word' id='word_1_32' title='bbox 100 657 275 716; x_wconf 84' lang='lat' dir='ltr'><strong>dominns:</strong></span> <span class='ocrx_word' id='word_1_33' title='bbox 313 675 390 714; x_wconf 89' lang='lat' dir='ltr'><strong>ecce</strong></span> <span class='ocrx_word' id='word_1_34' title='bbox 424 659 487 731; x_wconf 91' lang='lat' dir='ltr'><strong>qui</strong></span> <span class='ocrx_word' id='word_1_35' title='bbox 518 657 682 715; x_wconf 88' lang='lat' dir='ltr'><strong>serviunt</strong></span> <span class='ocrx_word' id='word_1_36' title='bbox 710 655 798 713; x_wconf 90' lang='lat' dir='ltr'><strong>mihi</strong></span> <span class='ocrx_word' id='word_1_37' title='bbox 835 655 1115 727; x_wconf 83' lang='lat' dir='ltr'><strong>manducabunt,</strong></span> 
     </span>
    </p>

    <p class='ocr_par' dir='ltr' id='par_1_4' title="bbox 74 743 1223 1177">
     <span class='ocr_line' id='line_1_6' title="bbox 74 743 1114 820; baseline -0.004 -16"><span class='ocrx_word' id='word_1_38' title='bbox 74 763 162 810; x_wconf 70' lang='lat' dir='ltr'><strong>avos</strong></span> <span class='ocrx_word' id='word_1_39' title='bbox 191 747 306 804; x_wconf 87' lang='lat' dir='ltr'><strong>autem</strong></span> <span class='ocrx_word' id='word_1_40' title='bbox 335 747 518 804; x_wconf 89' lang='lat' dir='ltr'><strong>esurietis:</strong></span> <span class='ocrx_word' id='word_1_41' title='bbox 547 764 625 804; x_wconf 91' lang='lat' dir='ltr'><strong>ecce</strong></span> <span class='ocrx_word' id='word_1_42' title='bbox 655 747 716 820; x_wconf 92' lang='lat' dir='ltr'><strong>qui</strong></span> <span class='ocrx_word' id='word_1_43' title='bbox 747 745 912 804; x_wconf 90' lang='lat' dir='ltr'><strong>serviunt</strong></span> <span class='ocrx_word' id='word_1_44' title='bbox 943 743 1031 802; x_wconf 90' lang='lat' dir='ltr'><strong>mihi</strong></span> <span class='ocrx_word' id='word_1_45' title='bbox 1062 745 1114 801; x_wconf 55' lang='lat' dir='ltr'><strong>io·‘</strong></span> 
     </span>
     <span class='ocr_line' id='line_1_7' title="bbox 101 833 1116 909; baseline -0.001 -17"><span class='ocrx_word' id='word_1_46' title='bbox 101 834 366 909; x_wconf 88' lang='lat' dir='ltr'><strong>cundabuntur,</strong></span> <span class='ocrx_word' id='word_1_47' title='bbox 399 853 460 894; x_wconf 81' lang='lat' dir='ltr'><strong>vos</strong></span> <span class='ocrx_word' id='word_1_48' title='bbox 493 834 780 908; x_wconf 85' lang='lat' dir='ltr'><strong>confundamini,</strong></span> <span class='ocrx_word' id='word_1_49' title='bbox 813 853 875 892; x_wconf 89' lang='lat' dir='ltr'><strong>vos</strong></span> <span class='ocrx_word' id='word_1_50' title='bbox 908 833 1116 892; x_wconf 89' lang='lat' dir='ltr'><strong>interficiet</strong></span> 
     </span>
     <span class='ocr_line' id='line_1_8' title="bbox 100 918 1223 999; baseline -0.002 -17"><span class='ocrx_word' id='word_1_51' title='bbox 100 918 284 982; x_wconf 85' lang='lat' dir='ltr'><strong>dominus&#39;.</strong></span> <span class='ocrx_word' id='word_1_52' title='bbox 330 923 398 982; x_wconf 88' lang='lat' dir='ltr'><strong>Non</strong></span> <span class='ocrx_word' id='word_1_53' title='bbox 429 924 528 982; x_wconf 89' lang='lat' dir='ltr'><strong>solum</strong></span> <span class='ocrx_word' id='word_1_54' title='bbox 555 923 641 999; x_wconf 89' lang='lat' dir='ltr'><strong>panis</strong></span> <span class='ocrx_word' id='word_1_55' title='bbox 665 924 721 982; x_wconf 89' lang='lat' dir='ltr'><strong>iste</strong></span> <span class='ocrx_word' id='word_1_56' title='bbox 745 943 763 981; x_wconf 89' lang='lat' dir='ltr'><strong>a</strong></span> <span class='ocrx_word' id='word_1_57' title='bbox 787 923 841 981; x_wconf 91' lang='lat' dir='ltr'><strong>deo</strong></span> <span class='ocrx_word' id='word_1_58' title='bbox 862 922 867 998; x_wconf 77' lang='grc'><strong>1</strong></span> <span class='ocrx_word' id='word_1_59' title='bbox 888 942 1002 982; x_wconf 90' lang='lat' dir='ltr'><strong>summo</strong></span> <span class='ocrx_word' id='word_1_60' title='bbox 1026 923 1117 982; x_wconf 48' lang='lat' dir='ltr'><strong>sacri*</strong></span> <span class='ocrx_word' id='word_1_61' title='bbox 1126 926 1167 973; x_wconf 72' lang='lat' dir='ltr'><strong><em>s01·</em></strong></span> <span class='ocrx_word' id='word_1_62' title='bbox 1181 925 1223 962; x_wconf 42' lang='lat'><strong>1⁸?</strong></span> 
     </span>
     <span class='ocr_line' id='line_1_9' title="bbox 100 1012 1117 1090; baseline -0.001 -20"><span class='ocrx_word' id='word_1_63' title='bbox 100 1013 175 1090; x_wconf 87' lang='lat' dir='ltr'><strong>legis</strong></span> <span class='ocrx_word' id='word_1_64' title='bbox 208 1015 239 1070; x_wconf 92' lang='lat' dir='ltr'><strong>et</strong></span> <span class='ocrx_word' id='word_1_65' title='bbox 269 1012 372 1088; x_wconf 88' lang='lat' dir='ltr'><strong>impiis</strong></span> <span class='ocrx_word' id='word_1_66' title='bbox 400 1012 572 1089; x_wconf 87' lang='lat' dir='ltr'><strong>denegatur,</strong></span> <span class='ocrx_word' id='word_1_67' title='bbox 605 1013 656 1072; x_wconf 88' lang='lat' dir='ltr'><strong>sed</strong></span> <span class='ocrx_word' id='word_1_68' title='bbox 682 1015 713 1069; x_wconf 91' lang='lat' dir='ltr'><strong>et</strong></span> <span class='ocrx_word' id='word_1_69' title='bbox 739 1031 836 1088; x_wconf 90' lang='lat' dir='ltr'><strong>poena</strong></span> <span class='ocrx_word' id='word_1_70' title='bbox 862 1013 1058 1088; x_wconf 71' lang='lat' dir='ltr'><strong>promittitur,</strong></span> <span class='ocrx_word' id='word_1_71' title='bbox 1087 1013 1117 1069; x_wconf 90' lang='lat' dir='ltr'><strong>et</strong></span> 
     </span>
     <span class='ocr_line' id='line_1_10' title="bbox 100 1101 1117 1177; baseline -0.002 -17"><span class='ocrx_word' id='word_1_72' title='bbox 100 1102 223 1162; x_wconf 78' lang='lat' dir='ltr'><strong>acerbae</strong></span> <span class='ocrx_word' id='word_1_73' title='bbox 246 1101 352 1160; x_wconf 86' lang='lat' dir='ltr'><strong>mortis</strong></span> <span class='ocrx_word' id='word_1_74' title='bbox 375 1101 574 1160; x_wconf 88' lang='lat' dir='ltr'><strong>decernuntur</strong></span> <span class='ocrx_word' id='word_1_75' title='bbox 592 1103 692 1177; x_wconf 85' lang='lat' dir='ltr'><strong>exitia,</strong></span> <span class='ocrx_word' id='word_1_76' title='bbox 711 1105 746 1160; x_wconf 90' lang='lat' dir='ltr'><strong>ut</strong></span> <span class='ocrx_word' id='word_1_77' title='bbox 765 1101 961 1160; x_wconf 76' lang='lat' dir='ltr'><strong>esurientibus</strong></span> <span class='ocrx_word' id='word_1_78' title='bbox 980 1101 1117 1159; x_wconf 91' lang='lat' dir='ltr'><strong>faucibus</strong></span> 
     </span>
    </p>

    <p class='ocr_par' dir='ltr' id='par_1_5' title="bbox 61 1185 1205 1622">
     <span class='ocr_line' id='line_1_11' title="bbox 61 1185 1205 1268; baseline -0.003 -20"><span class='ocrx_word' id='word_1_79' title='bbox 61 1218 88 1256; x_wconf 72' lang='grc' dir='ltr'><strong>ιο</strong></span> <span class='ocrx_word' id='word_1_80' title='bbox 100 1191 220 1249; x_wconf 83' lang='lat' dir='ltr'><strong>divinae</strong></span> <span class='ocrx_word' id='word_1_81' title='bbox 244 1190 511 1251; x_wconf 89' lang='lat' dir='ltr'><strong>animadversionis</strong></span> <span class='ocrx_word' id='word_1_82' title='bbox 533 1193 630 1250; x_wconf 88' lang='lat' dir='ltr'><strong>exitus</strong></span> <span class='ocrx_word' id='word_1_83' title='bbox 653 1193 815 1268; x_wconf 87' lang='lat' dir='ltr'><strong>ingeratur.</strong></span> <span class='ocrx_word' id='word_1_84' title='bbox 855 1189 1004 1249; x_wconf 82' lang='lat' dir='ltr'><strong>Secuntur</strong></span> <span class='ocrx_word' id='word_1_85' title='bbox 1026 1192 1153 1248; x_wconf 74' lang='lat' dir='ltr'><strong>etiams</strong></span> <span class='ocrx_word' id='word_1_86' title='bbox 1202 1185 1205 1192; x_wconf 88' lang='lat'>&#39;</span> 
     </span>
     <span class='ocr_line' id='line_1_12' title="bbox 100 1279 1117 1355; baseline 0.001 -19"><span class='ocrx_word' id='word_1_87' title='bbox 100 1279 156 1338; x_wconf 91' lang='lat' dir='ltr'><strong>boc</strong></span> <span class='ocrx_word' id='word_1_88' title='bbox 187 1280 267 1338; x_wconf 86' lang='lat' dir='ltr'><strong>idem</strong></span> <span class='ocrx_word' id='word_1_89' title='bbox 294 1280 437 1338; x_wconf 81' lang='lat' dir='ltr'><strong>tricesimi</strong></span> <span class='ocrx_word' id='word_1_90' title='bbox 466 1283 496 1338; x_wconf 90' lang='lat' dir='ltr'><strong>et</strong></span> <span class='ocrx_word' id='word_1_91' title='bbox 522 1282 607 1339; x_wconf 86' lang='lat' dir='ltr'><strong>tertii</strong></span> <span class='ocrx_word' id='word_1_92' title='bbox 633 1280 741 1355; x_wconf 87' lang='lat' dir='ltr'><strong>psalmi</strong></span> <span class='ocrx_word' id='word_1_93' title='bbox 769 1280 939 1339; x_wconf 86' lang='lat' dir='ltr'><strong>veneranda</strong></span> <span class='ocrx_word' id='word_1_94' title='bbox 966 1297 1117 1354; x_wconf 88' lang='lat' dir='ltr'><strong>responsa.</strong></span> 
     </span>
     <span class='ocr_line' id='line_1_13' title="bbox 101 1363 1118 1444; baseline -0.001 -19"><span class='ocrx_word' id='word_1_95' title='bbox 101 1368 155 1426; x_wconf 83' lang='lat' dir='ltr'><strong>Ait</strong></span> <span class='ocrx_word' id='word_1_96' title='bbox 178 1370 257 1425; x_wconf 90' lang='lat' dir='ltr'><strong>enim</strong></span> <span class='ocrx_word' id='word_1_97' title='bbox 281 1388 334 1443; x_wconf 89' lang='lat' dir='ltr'><strong>per</strong></span> <span class='ocrx_word' id='word_1_98' title='bbox 356 1369 456 1427; x_wconf 86' lang='lat' dir='ltr'><strong>David</strong></span> <span class='ocrx_word' id='word_1_99' title='bbox 483 1372 606 1444; x_wconf 84' lang='lat' dir='ltr'><strong>spiritus</strong></span> <span class='ocrx_word' id='word_1_100' title='bbox 635 1371 770 1428; x_wconf 88' lang='lat' dir='ltr'><strong>sanctus:</strong></span> <span class='ocrx_word' id='word_1_101' title='bbox 795 1363 968 1428; x_wconf 59' lang='lat' dir='ltr'><strong>qustatc</strong></span> <span class='ocrx_word' id='word_1_102' title='bbox 1002 1372 1037 1427; x_wconf 89' lang='lat' dir='ltr'><strong>et</strong></span> <span class='ocrx_word' id='word_1_103' title='bbox 1063 1369 1118 1426; x_wconf 86' lang='lat' dir='ltr'><strong>vi-</strong></span> 
     </span>
     <span class='ocr_line' id='line_1_14' title="bbox 102 1453 1119 1532; baseline 0 -18"><span class='ocrx_word' id='word_1_104' title='bbox 102 1456 182 1516; x_wconf 90' lang='lat' dir='ltr'><strong>dete</strong></span> <span class='ocrx_word' id='word_1_105' title='bbox 206 1457 372 1532; x_wconf 90' lang='lat' dir='ltr'><strong>quoniam</strong></span> <span class='ocrx_word' id='word_1_106' title='bbox 392 1457 508 1517; x_wconf 85' lang='lat' dir='ltr'><strong>dulcis</strong></span> <span class='ocrx_word' id='word_1_107' title='bbox 528 1462 581 1517; x_wconf 89' lang='lat' dir='ltr'><strong>est</strong></span> <span class='ocrx_word' id='word_1_108' title='bbox 599 1453 786 1518; x_wconf 90' lang='lat' dir='ltr'><strong>dominus&#39;.</strong></span> <span class='ocrx_word' id='word_1_109' title='bbox 815 1457 909 1516; x_wconf 90' lang='lat' dir='ltr'><strong>Dulce</strong></span> <span class='ocrx_word' id='word_1_110' title='bbox 928 1461 974 1516; x_wconf 90' lang='lat' dir='ltr'><strong>est</strong></span> <span class='ocrx_word' id='word_1_111' title='bbox 992 1457 1119 1515; x_wconf 80' lang='lat' dir='ltr'><strong>caeleste</strong></span> 
     </span>
     <span class='ocr_line' id='line_1_15' title="bbox 101 1546 1119 1622; baseline 0.001 -18"><span class='ocrx_word' id='word_1_112' title='bbox 101 1546 255 1622; x_wconf 90' lang='lat' dir='ltr'><strong>pabulum,</strong></span> <span class='ocrx_word' id='word_1_113' title='bbox 278 1546 372 1606; x_wconf 85' lang='lat' dir='ltr'><strong>dulcis</strong></span> <span class='ocrx_word' id='word_1_114' title='bbox 395 1546 444 1605; x_wconf 84' lang='lat' dir='ltr'><strong>dei</strong></span> <span class='ocrx_word' id='word_1_115' title='bbox 467 1547 558 1622; x_wconf 76' lang='lat' dir='ltr'><strong>oibuS,</strong></span> <span class='ocrx_word' id='word_1_116' title='bbox 580 1547 747 1606; x_wconf 89' lang='lat' dir='ltr'><strong>nechabet</strong></span> <span class='ocrx_word' id='word_1_117' title='bbox 769 1547 800 1604; x_wconf 93' lang='lat' dir='ltr'><strong>in</strong></span> <span class='ocrx_word' id='word_1_118' title='bbox 823 1566 856 1606; x_wconf 91' lang='lat' dir='ltr'><strong>se</strong></span> <span class='ocrx_word' id='word_1_119' title='bbox 877 1547 1003 1606; x_wconf 89' lang='lat' dir='ltr'><strong>miserae</strong></span> <span class='ocrx_word' id='word_1_120' title='bbox 1030 1547 1119 1605; x_wconf 87' lang='lat' dir='ltr'><strong>famis</strong></span> 
     </span>
    </p>

    <p class='ocr_par' dir='ltr' id='par_1_6' title="bbox 62 1635 1120 2070">
     <span class='ocr_line' id='line_1_16' title="bbox 62 1635 1118 1711; baseline -0.002 -15"><span class='ocrx_word' id='word_1_121' title='bbox 62 1635 189 1702; x_wconf 82' lang='lat' dir='ltr'><strong>1at1ists</strong></span> <span class='ocrx_word' id='word_1_122' title='bbox 216 1637 406 1708; x_wconf 89' lang='lat' dir='ltr'><strong>tormentum,</strong></span> <span class='ocrx_word' id='word_1_123' title='bbox 435 1639 466 1694; x_wconf 91' lang='lat' dir='ltr'><strong>et</strong></span> <span class='ocrx_word' id='word_1_124' title='bbox 492 1636 528 1694; x_wconf 85' lang='lat' dir='ltr'><strong>de</strong></span> <span class='ocrx_word' id='word_1_125' title='bbox 560 1636 697 1694; x_wconf 85' lang='lat' dir='ltr'><strong>medullis</strong></span> <span class='ocrx_word' id='word_1_126' title='bbox 729 1636 883 1695; x_wconf 90' lang='lat' dir='ltr'><strong>hominum</strong></span> <span class='ocrx_word' id='word_1_127' title='bbox 913 1635 1118 1711; x_wconf 86' lang='lat' dir='ltr'><strong>praecedentis</strong></span> 
     </span>
     <span class='ocr_line' id='line_1_17' title="bbox 102 1724 1120 1802; baseline -0.002 -18"><span class='ocrx_word' id='word_1_128' title='bbox 102 1727 210 1784; x_wconf 88' lang='lat' dir='ltr'><strong>veneni</strong></span> <span class='ocrx_word' id='word_1_129' title='bbox 232 1726 314 1784; x_wconf 89' lang='lat' dir='ltr'><strong>virus</strong></span> <span class='ocrx_word' id='word_1_130' title='bbox 338 1725 475 1784; x_wconf 83' lang='lat' dir='ltr'><strong>excludit.</strong></span> <span class='ocrx_word' id='word_1_131' title='bbox 518 1726 558 1785; x_wconf 80' lang='lat' dir='ltr'><strong>ut</strong></span> <span class='ocrx_word' id='word_1_132' title='bbox 580 1725 653 1785; x_wconf 89' lang='lat' dir='ltr'><strong>haec</strong></span> <span class='ocrx_word' id='word_1_133' title='bbox 676 1725 721 1783; x_wconf 88' lang='lat' dir='ltr'><strong>ita</strong></span> <span class='ocrx_word' id='word_1_134' title='bbox 744 1744 806 1784; x_wconf 86' lang='lat' dir='ltr'><strong>esse</strong></span> <span class='ocrx_word' id='word_1_135' title='bbox 829 1724 987 1802; x_wconf 88' lang='lat' dir='ltr'><strong>sequentia</strong></span> <span class='ocrx_word' id='word_1_136' title='bbox 1005 1724 1120 1784; x_wconf 91' lang='lat' dir='ltr'><strong>oraculi</strong></span> 
     </span>
     <span class='ocr_line' id='line_1_18' title="bbox 101 1809 1120 1890; baseline -0.003 -17"><span class='ocrx_word' id='word_1_137' title='bbox 101 1833 244 1890; x_wconf 88' lang='lat' dir='ltr'><strong>responsa</strong></span> <span class='ocrx_word' id='word_1_138' title='bbox 263 1813 424 1889; x_wconf 86' lang='lat' dir='ltr'><strong>declarant,</strong></span> <span class='ocrx_word' id='word_1_139' title='bbox 444 1814 488 1872; x_wconf 90' lang='lat' dir='ltr'><strong>ait</strong></span> <span class='ocrx_word' id='word_1_140' title='bbox 511 1815 604 1872; x_wconf 86' lang='lat' dir='ltr'><strong>enim:</strong></span> <span class='ocrx_word' id='word_1_141' title='bbox 624 1809 772 1873; x_wconf 84' lang='lat' dir='ltr'><strong>‘Timete</strong></span> <span class='ocrx_word' id='word_1_142' title='bbox 797 1814 976 1879; x_wconf 87' lang='lat' dir='ltr'><strong>dominum</strong></span> <span class='ocrx_word' id='word_1_143' title='bbox 1002 1815 1120 1872; x_wconf 88' lang='lat' dir='ltr'><strong>sancti</strong></span> 
     </span>
     <span class='ocr_line' id='line_1_19' title="bbox 103 1899 1118 1980; baseline -0.001 -19"><span class='ocrx_word' id='word_1_144' title='bbox 103 1905 179 1963; x_wconf 88' lang='lat' dir='ltr'><strong>eius</strong></span> <span class='ocrx_word' id='word_1_145' title='bbox 212 1905 296 1980; x_wconf 90' lang='lat' dir='ltr'><strong>quia</strong></span> <span class='ocrx_word' id='word_1_146' title='bbox 330 1922 397 1962; x_wconf 89' lang='lat' dir='ltr'><strong>non</strong></span> <span class='ocrx_word' id='word_1_147' title='bbox 430 1907 484 1962; x_wconf 89' lang='lat' dir='ltr'><strong>est</strong></span> <span class='ocrx_word' id='word_1_148' title='bbox 515 1904 640 1980; x_wconf 91' lang='lat' dir='ltr'><strong>inopia</strong></span> <span class='ocrx_word' id='word_1_149' title='bbox 669 1907 720 1962; x_wconf 91' lang='lat' dir='ltr'><strong>eis</strong></span> <span class='ocrx_word' id='word_1_150' title='bbox 752 1906 813 1979; x_wconf 91' lang='lat' dir='ltr'><strong>qui</strong></span> <span class='ocrx_word' id='word_1_151' title='bbox 839 1906 1005 1964; x_wconf 88' lang='lat' dir='ltr'><strong>metuunt</strong></span> <span class='ocrx_word' id='word_1_152' title='bbox 1033 1899 1118 1962; x_wconf 72' lang='lat' dir='ltr'><strong>eum.v</strong></span> 
     </span>
     <span class='ocr_line' id='line_1_20' title="bbox 103 1992 1119 2070; baseline -0.001 -19"><span class='ocrx_word' id='word_1_153' title='bbox 103 1992 246 2051; x_wconf 91' lang='lat' dir='ltr'><strong>Divites</strong></span> <span class='ocrx_word' id='word_1_154' title='bbox 271 1996 449 2070; x_wconf 87' lang='lat' dir='ltr'><strong>eguerunt</strong></span> <span class='ocrx_word' id='word_1_155' title='bbox 472 1996 509 2051; x_wconf 85' lang='lat' dir='ltr'><strong>ct</strong></span> <span class='ocrx_word' id='word_1_156' title='bbox 532 1995 751 2068; x_wconf 87' lang='lat' dir='ltr'><strong>esurierunt,</strong></span> <span class='ocrx_word' id='word_1_157' title='bbox 775 1994 837 2069; x_wconf 90' lang='lat' dir='ltr'><strong>qni</strong></span> <span class='ocrx_word' id='word_1_158' title='bbox 859 1996 977 2053; x_wconf 87' lang='lat' dir='ltr'><strong>autem</strong></span> <span class='ocrx_word' id='word_1_159' title='bbox 1000 1994 1119 2068; x_wconf 68' lang='lat' dir='ltr'><strong>inqui·v</strong></span> 
     </span>
    </p>

    <p class='ocr_par' dir='ltr' id='par_1_7' title="bbox 63 2079 1196 2513">
     <span class='ocr_line' id='line_1_21' title="bbox 63 2079 1157 2160; baseline -0.005 -20"><span class='ocrx_word' id='word_1_160' title='bbox 63 2108 90 2147; x_wconf 61' lang='grc' dir='ltr'><strong>ιο</strong></span> <span class='ocrx_word' id='word_1_161' title='bbox 104 2085 189 2140; x_wconf 90' lang='lat' dir='ltr'><strong>runt</strong></span> <span class='ocrx_word' id='word_1_162' title='bbox 216 2081 396 2141; x_wconf 87' lang='lat' dir='ltr'><strong>dominnm</strong></span> <span class='ocrx_word' id='word_1_163' title='bbox 429 2101 501 2141; x_wconf 88' lang='lat' dir='ltr'><strong>non</strong></span> <span class='ocrx_word' id='word_1_164' title='bbox 528 2082 746 2160; x_wconf 89' lang='lat' dir='ltr'><strong>indigebunt</strong></span> <span class='ocrx_word' id='word_1_165' title='bbox 778 2083 872 2141; x_wconf 92' lang='lat' dir='ltr'><strong>omni</strong></span> <span class='ocrx_word' id='word_1_166' title='bbox 898 2079 1017 2142; x_wconf 90' lang='lat' dir='ltr'><strong>bono&#39;.</strong></span> <span class='ocrx_word' id='word_1_167' title='bbox 1064 2081 1157 2151; x_wconf 84' lang='lat' dir='ltr'><strong>Quia</strong></span> 
     </span>
     <span class='ocr_line' id='line_1_22' title="bbox 104 2171 1121 2249; baseline -0.001 -19"><span class='ocrx_word' id='word_1_168' title='bbox 104 2173 148 2230; x_wconf 89' lang='lat' dir='ltr'><strong>sic</strong></span> <span class='ocrx_word' id='word_1_169' title='bbox 179 2174 210 2229; x_wconf 90' lang='lat' dir='ltr'><strong>in</strong></span> <span class='ocrx_word' id='word_1_170' title='bbox 243 2172 355 2248; x_wconf 88' lang='lat' dir='ltr'><strong>templo</strong></span> <span class='ocrx_word' id='word_1_171' title='bbox 387 2174 592 2247; x_wconf 86' lang='lat' dir='ltr'><strong>praetextatus</strong></span> <span class='ocrx_word' id='word_1_172' title='bbox 622 2171 743 2246; x_wconf 82' lang='lat' dir='ltr'><strong>incedis,</strong></span> <span class='ocrx_word' id='word_1_173' title='bbox 775 2175 827 2246; x_wconf 93' lang='lat' dir='ltr'><strong>qui</strong></span> <span class='ocrx_word' id='word_1_174' title='bbox 859 2173 951 2249; x_wconf 84' lang='lat' dir='ltr'><strong>fulgis</strong></span> <span class='ocrx_word' id='word_1_175' title='bbox 979 2190 1121 2247; x_wconf 87' lang='lat' dir='ltr'><strong>purpura,</strong></span> 
     </span>
     <span class='ocr_line' id='line_1_23' title="bbox 105 2261 1196 2336; baseline -0.002 -16"><span class='ocrx_word' id='word_1_176' title='bbox 105 2263 189 2320; x_wconf 90' lang='lat' dir='ltr'><strong>cuius</strong></span> <span class='ocrx_word' id='word_1_177' title='bbox 213 2267 305 2336; x_wconf 93' lang='lat' dir='ltr'><strong>caput</strong></span> <span class='ocrx_word' id='word_1_178' title='bbox 328 2263 381 2318; x_wconf 87' lang='lat' dir='ltr'><strong>aut</strong></span> <span class='ocrx_word' id='word_1_179' title='bbox 409 2280 481 2319; x_wconf 89' lang='lat' dir='ltr'><strong>auro</strong></span> <span class='ocrx_word' id='word_1_180' title='bbox 509 2261 656 2336; x_wconf 88' lang='lat' dir='ltr'><strong>premitur</strong></span> <span class='ocrx_word' id='word_1_181' title='bbox 680 2264 734 2318; x_wconf 90' lang='lat' dir='ltr'><strong>aut</strong></span> <span class='ocrx_word' id='word_1_182' title='bbox 761 2262 855 2336; x_wconf 80' lang='lat' dir='ltr'><strong>laura,</strong></span> <span class='ocrx_word' id='word_1_183' title='bbox 883 2279 1014 2320; x_wconf 88' lang='lat' dir='ltr'><strong>errorem</strong></span> <span class='ocrx_word' id='word_1_184' title='bbox 1036 2263 1122 2318; x_wconf 89' lang='lat' dir='ltr'><strong>tuum</strong></span> <span class='ocrx_word' id='word_1_185' title='bbox 1136 2269 1196 2318; x_wconf 73' lang='lat'><em>(104)</em></span> 
     </span>
     <span class='ocr_line' id='line_1_24' title="bbox 105 2349 1122 2428; baseline -0.003 -20"><span class='ocrx_word' id='word_1_186' title='bbox 105 2351 202 2425; x_wconf 88' lang='lat' dir='ltr'><strong>turpia</strong></span> <span class='ocrx_word' id='word_1_187' title='bbox 225 2353 341 2428; x_wconf 86' lang='lat' dir='ltr'><strong>egestas</strong></span> <span class='ocrx_word' id='word_1_188' title='bbox 364 2349 542 2424; x_wconf 85' lang='lat' dir='ltr'><strong>insequitur,</strong></span> <span class='ocrx_word' id='word_1_189' title='bbox 562 2352 592 2408; x_wconf 89' lang='lat' dir='ltr'><strong>et</strong></span> <span class='ocrx_word' id='word_1_190' title='bbox 610 2349 773 2408; x_wconf 88' lang='lat' dir='ltr'><strong>cervicibus</strong></span> <span class='ocrx_word' id='word_1_191' title='bbox 791 2352 852 2408; x_wconf 88' lang='lat' dir='ltr'><strong>tuis</strong></span> <span class='ocrx_word' id='word_1_192' title='bbox 871 2368 1029 2410; x_wconf 86' lang='lat' dir='ltr'><strong>onerosum</strong></span> <span class='ocrx_word' id='word_1_193' title='bbox 1049 2366 1122 2424; x_wconf 89' lang='lat' dir='ltr'><strong>pau·</strong></span> 
     </span>
     <span class='ocr_line' id='line_1_25' title="bbox 106 2437 1123 2513; baseline 0 -17"><span class='ocrx_word' id='word_1_194' title='bbox 106 2439 232 2513; x_wconf 85' lang='lat' dir='ltr'><strong>portatis</strong></span> <span class='ocrx_word' id='word_1_195' title='bbox 256 2440 393 2496; x_wconf 90' lang='lat' dir='ltr'><strong>imminet</strong></span> <span class='ocrx_word' id='word_1_196' title='bbox 415 2439 540 2513; x_wconf 88' lang='lat' dir='ltr'><strong>pondus.</strong></span> <span class='ocrx_word' id='word_1_197' title='bbox 585 2437 677 2497; x_wconf 93' lang='lat' dir='ltr'><strong>Illum</strong></span> <span class='ocrx_word' id='word_1_198' title='bbox 700 2457 789 2512; x_wconf 88' lang='lat' dir='ltr'><strong>quem</strong></span> <span class='ocrx_word' id='word_1_199' title='bbox 815 2438 936 2512; x_wconf 88' lang='lat' dir='ltr'><strong>dispicis</strong></span> <span class='ocrx_word' id='word_1_200' title='bbox 961 2457 1123 2513; x_wconf 91' lang='lat' dir='ltr'><strong>pauperem</strong></span> 
     </span>
    </p>

    <p class='ocr_par' dir='ltr' id='par_1_8' title="bbox 66 2525 1123 2604">
     <span class='ocr_line' id='line_1_26' title="bbox 66 2525 1123 2604; baseline -0.001 -19"><span class='ocrx_word' id='word_1_201' title='bbox 66 2551 92 2592; x_wconf 73' lang='lat'><strong>25</strong></span> <span class='ocrx_word' id='word_1_202' title='bbox 106 2527 208 2604; x_wconf 84' lang='lat' dir='ltr'><strong>largus</strong></span> <span class='ocrx_word' id='word_1_203' title='bbox 233 2530 263 2586; x_wconf 89' lang='lat' dir='ltr'><strong>et</strong></span> <span class='ocrx_word' id='word_1_204' title='bbox 286 2527 369 2586; x_wconf 87' lang='lat' dir='ltr'><strong>dives</strong></span> <span class='ocrx_word' id='word_1_205' title='bbox 393 2530 450 2602; x_wconf 81' lang='lat' dir='ltr'><strong>est3</strong></span> <span class='ocrx_word' id='word_1_206' title='bbox 474 2527 565 2586; x_wconf 85' lang='lat' dir='ltr'><strong>sedile</strong></span> <span class='ocrx_word' id='word_1_207' title='bbox 588 2527 636 2585; x_wconf 90' lang='lat' dir='ltr'><strong>illi</strong></span> <span class='ocrx_word' id='word_1_208' title='bbox 659 2525 811 2586; x_wconf 84' lang='lat' dir='ltr'><strong>Abraham</strong></span> <span class='ocrx_word' id='word_1_209' title='bbox 830 2529 862 2586; x_wconf 91' lang='lat' dir='ltr'><strong>in</strong></span> <span class='ocrx_word' id='word_1_210' title='bbox 882 2529 949 2586; x_wconf 91' lang='lat' dir='ltr'><strong>sinu</strong></span> <span class='ocrx_word' id='word_1_211' title='bbox 969 2546 1021 2586; x_wconf 87' lang='lat' dir='ltr'><strong>suc</strong></span> <span class='ocrx_word' id='word_1_212' title='bbox 1040 2546 1123 2603; x_wconf 91' lang='lat' dir='ltr'><strong>prae·</strong></span> 
     </span>
    </p>
   </div>
   <div class='ocr_carea' id='block_1_4' title="bbox 198 2713 1074 2784">
    <p class='ocr_par' dir='ltr' id='par_1_9' title="bbox 198 2713 1074 2784">
     <span class='ocr_line' id='line_1_27' title="bbox 198 2713 1074 2784; baseline 0.001 -17"><span class='ocrx_word' id='word_1_213' title='bbox 198 2713 216 2767; x_wconf 78' lang='lat'><strong>3</strong></span> <span class='ocrx_word' id='word_1_214' title='bbox 235 2717 287 2769; x_wconf 77' lang='lat' dir='ltr'><strong>Ias.</strong></span> <span class='ocrx_word' id='word_1_215' title='bbox 303 2719 348 2781; x_wconf 84' lang='lat'><strong>65,</strong></span> <span class='ocrx_word' id='word_1_216' title='bbox 358 2719 393 2769; x_wconf 86' lang='lat'><strong>13</strong></span> <span class='ocrx_word' id='word_1_217' title='bbox 411 2722 437 2770; x_wconf 87' lang='lat' dir='ltr'><strong>at</strong></span> <span class='ocrx_word' id='word_1_218' title='bbox 455 2720 496 2770; x_wconf 89' lang='lat'><strong>15.</strong></span> <span class='ocrx_word' id='word_1_219' title='bbox 571 2714 608 2769; x_wconf 73' lang='lat'><strong>12</strong></span> <span class='ocrx_word' id='word_1_220' title='bbox 628 2717 675 2770; x_wconf 81' lang='lat' dir='ltr'><strong>Pa.</strong></span> <span class='ocrx_word' id='word_1_221' title='bbox 691 2718 735 2781; x_wconf 86' lang='lat'><strong>33,</strong></span> <span class='ocrx_word' id='word_1_222' title='bbox 745 2719 771 2770; x_wconf 90' lang='grc'><strong>9.</strong></span> <span class='ocrx_word' id='word_1_223' title='bbox 845 2715 881 2769; x_wconf 82' lang='grc'><strong>17</strong></span> <span class='ocrx_word' id='word_1_224' title='bbox 902 2717 937 2769; x_wconf 81' lang='lat' dir='ltr'><strong>ib.</strong></span> <span class='ocrx_word' id='word_1_225' title='bbox 951 2733 976 2769; x_wconf 82' lang='lat' dir='ltr'><strong>a.</strong></span> <span class='ocrx_word' id='word_1_226' title='bbox 992 2720 1027 2769; x_wconf 86' lang='lat'><strong>10</strong></span> <span class='ocrx_word' id='word_1_227' title='bbox 1036 2732 1074 2784; x_wconf 80' lang='lat' dir='ltr'><strong>aq.</strong></span> 
     </span>
    </p>
   </div>
   <div class='ocr_carea' id='block_1_5' title="bbox 109 2874 1125 3288">
    <p class='ocr_par' dir='ltr' id='par_1_10' title="bbox 109 2874 1125 3288">
     <span class='ocr_line' id='line_1_28' title="bbox 198 2874 1037 2945; baseline 0.002 -17"><span class='ocrx_word' id='word_1_228' title='bbox 198 2874 216 2928; x_wconf 78' lang='grc'><strong>3</strong></span> <span class='ocrx_word' id='word_1_229' title='bbox 237 2875 263 2928; x_wconf 79' lang='lat' dir='ltr'><strong>d.</strong></span> <span class='ocrx_word' id='word_1_230' title='bbox 279 2893 304 2928; x_wconf 91' lang='lat' dir='ltr'><strong>a.</strong></span> <span class='ocrx_word' id='word_1_231' title='bbox 319 2891 370 2943; x_wconf 86' lang='lat' dir='ltr'><strong>per</strong></span> <span class='ocrx_word' id='word_1_232' title='bbox 388 2877 452 2930; x_wconf 82' lang='lat' dir='ltr'><strong>cdd.</strong></span> <span class='ocrx_word' id='word_1_233' title='bbox 561 2876 579 2929; x_wconf 84' lang='grc'><strong>6</strong></span> <span class='ocrx_word' id='word_1_234' title='bbox 599 2875 644 2929; x_wconf 82' lang='lat' dir='ltr'><strong>dcl.</strong></span> <span class='ocrx_word' id='word_1_235' title='bbox 660 2883 723 2930; x_wconf 82' lang='lat' dir='ltr'><strong>cate</strong></span> <span class='ocrx_word' id='word_1_236' title='bbox 741 2883 886 2945; x_wconf 67' lang='lat' dir='ltr'><strong>utumque</strong></span> <span class='ocrx_word' id='word_1_237' title='bbox 904 2893 952 2929; x_wconf 86' lang='lat' dir='ltr'><strong>vos</strong></span> <span class='ocrx_word' id='word_1_238' title='bbox 972 2877 1037 2931; x_wconf 70' lang='lat' dir='ltr'><strong>adel.</strong></span> 
     </span>
     <span class='ocr_line' id='line_1_29' title="bbox 109 2946 1125 3020; baseline 0.001 -19"><span class='ocrx_word' id='word_1_239' title='bbox 109 2947 127 3001; x_wconf 82' lang='lat'>8</span> <span class='ocrx_word' id='word_1_240' title='bbox 146 2948 173 3001; x_wconf 80' lang='lat' dir='ltr'><strong>d.</strong></span> <span class='ocrx_word' id='word_1_241' title='bbox 188 2953 253 3002; x_wconf 81' lang='lat' dir='ltr'><strong>anta</strong></span> <span class='ocrx_word' id='word_1_242' title='bbox 272 2948 301 3000; x_wconf 87' lang='lat' dir='ltr'><strong>et</strong></span> <span class='ocrx_word' id='word_1_243' title='bbox 319 2947 383 3001; x_wconf 84' lang='lat' dir='ltr'><strong>odd.</strong></span> <span class='ocrx_word' id='word_1_244' title='bbox 456 2947 475 3000; x_wconf 81' lang='grc'>9</span> <span class='ocrx_word' id='word_1_245' title='bbox 494 2963 593 3020; x_wconf 71' lang='lat' dir='ltr'><strong>acerne</strong></span> <span class='ocrx_word' id='word_1_246' title='bbox 612 2949 645 3002; x_wconf 88' lang='lat' dir='ltr'><strong>P.</strong></span> <span class='ocrx_word' id='word_1_247' title='bbox 720 2946 757 3001; x_wconf 77' lang='lat'><strong>15</strong></span> <span class='ocrx_word' id='word_1_248' title='bbox 776 2948 956 3017; x_wconf 88' lang='lat' dir='ltr'><strong>procedentis</strong></span> <span class='ocrx_word' id='word_1_249' title='bbox 974 2949 1033 3014; x_wconf 87' lang='lat' dir='ltr'><strong>Ha,</strong></span> <span class='ocrx_word' id='word_1_250' title='bbox 1053 2955 1083 3002; x_wconf 87' lang='lat' dir='ltr'><strong>at</strong></span> <span class='ocrx_word' id='word_1_251' title='bbox 1100 2966 1125 3010; x_wconf 78' lang='lat' dir='ltr'><strong>c,</strong></span> 
     </span>
     <span class='ocr_line' id='line_1_30' title="bbox 110 3019 1125 3088; baseline -0.002 -14"><span class='ocrx_word' id='word_1_252' title='bbox 110 3020 152 3073; x_wconf 73' lang='lat' dir='ltr'><strong>Fr</strong></span> <span class='ocrx_word' id='word_1_253' title='bbox 170 3024 254 3088; x_wconf 61' lang='lat' dir='ltr'><strong>usq.</strong></span> <span class='ocrx_word' id='word_1_254' title='bbox 273 3020 323 3088; x_wconf 77' lang='lat' dir='ltr'><strong>qui</strong></span> <span class='ocrx_word' id='word_1_255' title='bbox 339 3020 445 3085; x_wconf 78' lang='lat' dir='ltr'><strong>confert</strong></span> <span class='ocrx_word' id='word_1_256' title='bbox 466 3020 538 3074; x_wconf 84' lang='lat' dir='ltr'><strong>locos</strong></span> <span class='ocrx_word' id='word_1_257' title='bbox 561 3023 606 3084; x_wconf 87' lang='lat'><strong>73,</strong></span> <span class='ocrx_word' id='word_1_258' title='bbox 622 3024 639 3072; x_wconf 90' lang='lat'><em>6</em></span> <span class='ocrx_word' id='word_1_259' title='bbox 658 3026 684 3073; x_wconf 86' lang='lat' dir='ltr'><strong>et</strong></span> <span class='ocrx_word' id='word_1_260' title='bbox 702 3023 745 3085; x_wconf 89' lang='lat'><strong>50,</strong></span> <span class='ocrx_word' id='word_1_261' title='bbox 760 3025 785 3073; x_wconf 88' lang='lat'><strong>1.</strong></span> <span class='ocrx_word' id='word_1_262' title='bbox 895 3019 933 3073; x_wconf 81' lang='lat' dir='ltr'><strong>la</strong></span> <span class='ocrx_word' id='word_1_263' title='bbox 952 3019 978 3073; x_wconf 79' lang='lat' dir='ltr'><strong>d,</strong></span> <span class='ocrx_word' id='word_1_264' title='bbox 994 3027 1057 3074; x_wconf 78' lang='lat' dir='ltr'><strong>acto</strong></span> <span class='ocrx_word' id='word_1_265' title='bbox 1076 3019 1125 3088; x_wconf 92' lang='lat' dir='ltr'><strong>qui</strong></span> 
     </span>
     <span class='ocr_line' id='line_1_31' title="bbox 109 3088 1125 3161; baseline -0.002 -16"><span class='ocrx_word' id='word_1_266' title='bbox 109 3091 174 3145; x_wconf 80' lang='lat' dir='ltr'><strong>odd.</strong></span> <span class='ocrx_word' id='word_1_267' title='bbox 248 3088 284 3143; x_wconf 77' lang='lat'><strong>21</strong></span> <span class='ocrx_word' id='word_1_268' title='bbox 305 3091 444 3145; x_wconf 79' lang='lat' dir='ltr'><strong>lectionem</strong></span> <span class='ocrx_word' id='word_1_269' title='bbox 458 3090 559 3146; x_wconf 77' lang='lat' dir='ltr'><strong>codicis</strong></span> <span class='ocrx_word' id='word_1_270' title='bbox 572 3090 660 3161; x_wconf 83' lang='lat' dir='ltr'><strong>fulgis</strong></span> <span class='ocrx_word' id='word_1_271' title='bbox 673 3093 847 3157; x_wconf 79' lang='lat' dir='ltr'><strong>reticuimus,</strong></span> <span class='ocrx_word' id='word_1_272' title='bbox 866 3092 900 3158; x_wconf 80' lang='lat' dir='ltr'><strong>ef.</strong></span> <span class='ocrx_word' id='word_1_273' title='bbox 916 3092 953 3144; x_wconf 78' lang='lat' dir='ltr'><strong>ad</strong></span> <span class='ocrx_word' id='word_1_274' title='bbox 971 3095 1053 3158; x_wconf 80' lang='lat'><strong>25‚4,</strong></span> <span class='ocrx_word' id='word_1_275' title='bbox 1071 3090 1125 3144; x_wconf 88' lang='lat' dir='ltr'><strong>ful-</strong></span> 
     </span>
     <span class='ocr_line' id='line_1_32' title="bbox 110 3159 1071 3288; baseline 0 0"><span class='ocrx_word' id='word_1_276' title='bbox 110 3178 264 3288; x_wconf 63' lang='lat' dir='ltr'><strong>itbtl‘as</strong></span> <span class='ocrx_word' id='word_1_277' title='bbox 280 3159 351 3287; x_wconf 64' lang='lat' dir='ltr'><strong>Wl4</strong></span> <span class='ocrx_word' id='word_1_278' title='bbox 370 3161 550 3287; x_wconf 50' lang='lat' dir='ltr'><strong>affigi</strong></span> <span class='ocrx_word' id='word_1_279' title='bbox 568 3162 730 3287; x_wconf 54' lang='lat' dir='ltr'><strong>etiltl&#39;biet</strong></span> <span class='ocrx_word' id='word_1_280' title='bbox 747 3163 840 3288; x_wconf 67' lang='lat' dir='ltr'><strong>listi</strong></span> <span class='ocrx_word' id='word_1_281' title='bbox 855 3161 991 3288; x_wconf 51' lang='lat' dir='ltr'><strong>Ietaeletd</strong></span> <span class='ocrx_word' id='word_1_282' title='bbox 1010 3167 1036 3228; x_wconf 58' lang='grc' dir='ltr'><strong>δ’</strong></span> <span class='ocrx_word' id='word_1_283' title='bbox 1047 3168 1071 3217; x_wconf 63' lang='lat'><strong>4&#39;</strong></span> 
     </span>
    </p>
   </div>
   <div class='ocr_carea' id='block_1_6' title="bbox 110 3393 1129 3679">
    <p class='ocr_par' dir='ltr' id='par_1_11' title="bbox 110 3393 1129 3679">
     <span class='ocr_line' id='line_1_33' title="bbox 200 3393 1127 3464; baseline -0.001 -17"><span class='ocrx_word' id='word_1_284' title='bbox 200 3394 268 3462; x_wconf 81' lang='lat' dir='ltr'><strong>ilos.</strong></span> <span class='ocrx_word' id='word_1_285' title='bbox 279 3395 372 3464; x_wconf 78' lang='lat' dir='ltr'><strong>praes.</strong></span> <span class='ocrx_word' id='word_1_286' title='bbox 385 3395 573 3462; x_wconf 75' lang='lat' dir='ltr'><strong>pXXXLX.</strong></span> <span class='ocrx_word' id='word_1_287' title='bbox 621 3393 659 3447; x_wconf 88' lang='lat' dir='ltr'><strong>1c</strong></span> <span class='ocrx_word' id='word_1_288' title='bbox 673 3397 816 3461; x_wconf 74' lang='lat' dir='ltr'><strong>ct243,19.</strong></span> <span class='ocrx_word' id='word_1_289' title='bbox 863 3393 900 3447; x_wconf 75' lang='grc'><strong>23</strong></span> <span class='ocrx_word' id='word_1_290' title='bbox 917 3395 1080 3460; x_wconf 64' lang='lat' dir='ltr'><strong>Mamm,</strong></span> <span class='ocrx_word' id='word_1_291' title='bbox 1092 3399 1127 3447; x_wconf 84' lang='lat'><strong>18</strong></span> 
     </span>
     <span class='ocr_line' id='line_1_34' title="bbox 115 3465 1129 3536; baseline 0 -16"><span class='ocrx_word' id='word_1_292' title='bbox 115 3465 249 3520; x_wconf 85' lang='lat' dir='ltr'><strong>misarum</strong></span> <span class='ocrx_word' id='word_1_293' title='bbox 266 3467 377 3536; x_wconf 86' lang='lat' dir='ltr'><strong>pondus</strong></span> <span class='ocrx_word' id='word_1_294' title='bbox 396 3465 543 3519; x_wconf 81' lang='lat' dir='ltr'><strong>viduitatis</strong></span> <span class='ocrx_word' id='word_1_295' title='bbox 562 3466 691 3534; x_wconf 90' lang='lat' dir='ltr'><strong>imponit.</strong></span> <span class='ocrx_word' id='word_1_296' title='bbox 731 3465 920 3520; x_wconf 72' lang='lat' dir='ltr'><em>LXXIII&#39;I</em></span> <span class='ocrx_word' id='word_1_297' title='bbox 934 3471 952 3519; x_wconf 86' lang='grc'><em>8</em></span> <span class='ocrx_word' id='word_1_298' title='bbox 971 3465 1129 3520; x_wconf 87' lang='lat' dir='ltr'><strong>laboriosae</strong></span> 
     </span>
     <span class='ocr_line' id='line_1_35' title="bbox 110 3537 1128 3608; baseline 0 -17"><span class='ocrx_word' id='word_1_299' title='bbox 110 3537 187 3592; x_wconf 81' lang='lat' dir='ltr'><strong>vitae</strong></span> <span class='ocrx_word' id='word_1_300' title='bbox 201 3537 311 3605; x_wconf 89' lang='lat' dir='ltr'><strong>pondus</strong></span> <span class='ocrx_word' id='word_1_301' title='bbox 325 3537 475 3607; x_wconf 90' lang='lat' dir='ltr'><strong>imponunt</strong></span> <span class='ocrx_word' id='word_1_302' title='bbox 489 3539 538 3590; x_wconf 87' lang='lat' dir='ltr'><strong>aut</strong></span> <span class='ocrx_word' id='word_1_303' title='bbox 552 3537 687 3608; x_wconf 88' lang='lat' dir='ltr'><strong>egestatis</strong></span> <span class='ocrx_word' id='word_1_304' title='bbox 701 3538 856 3607; x_wconf 83' lang='lat' dir='ltr'><strong>angustias.</strong></span> <span class='ocrx_word' id='word_1_305' title='bbox 883 3539 917 3606; x_wconf 71' lang='lat' dir='ltr'><strong>cf.</strong></span> <span class='ocrx_word' id='word_1_306' title='bbox 933 3538 965 3592; x_wconf 76' lang='lat' dir='ltr'><strong>de</strong></span> <span class='ocrx_word' id='word_1_307' title='bbox 979 3555 1030 3592; x_wconf 85' lang='lat' dir='ltr'><strong>err.</strong></span> <span class='ocrx_word' id='word_1_308' title='bbox 1047 3541 1091 3603; x_wconf 78' lang='lat'><strong>77,</strong></span> <span class='ocrx_word' id='word_1_309' title='bbox 1103 3542 1128 3591; x_wconf 87' lang='lat'><strong>6.</strong></span> 
     </span>
     <span class='ocr_line' id='line_1_36' title="bbox 114 3607 963 3679; baseline 0 -17"><span class='ocrx_word' id='word_1_310' title='bbox 114 3607 258 3664; x_wconf 77' lang='lat' dir='ltr'><strong>‘Miserum</strong></span> <span class='ocrx_word' id='word_1_311' title='bbox 277 3609 452 3679; x_wconf 84' lang='lat' dir='ltr'><strong>paupertatis</strong></span> <span class='ocrx_word' id='word_1_312' title='bbox 472 3610 553 3662; x_wconf 91' lang='lat' dir='ltr'><strong>onus&#39;</strong></span> <span class='ocrx_word' id='word_1_313' title='bbox 573 3611 666 3664; x_wconf 79' lang='lat' dir='ltr'><strong>aoeies</strong></span> <span class='ocrx_word' id='word_1_314' title='bbox 683 3609 765 3663; x_wconf 82' lang='lat' dir='ltr'><strong>habea</strong></span> <span class='ocrx_word' id='word_1_315' title='bbox 783 3612 813 3664; x_wconf 79' lang='lat' dir='ltr'><strong>ta</strong></span> <span class='ocrx_word' id='word_1_316' title='bbox 834 3609 963 3664; x_wconf 72' lang='lat' dir='ltr'><strong>Mathoni.</strong></span> 
     </span>
    </p>
   </div>
   <div class='ocr_carea' id='block_1_7' title="bbox 0 0 1354 4062">
    <p class='ocr_par' dir='ltr' id='par_1_12' title="bbox 0 0 1354 4062">
     <span class='ocr_line' id='line_1_37' title="bbox 0 0 1354 4062; baseline 0 0"><span class='ocrx_word' id='word_1_317' title='bbox 0 0 1354 4062; x_wconf 95' lang='lat' dir='ltr'><strong> </strong></span> 
     </span>
    </p>
   </div>
  </div>
 </body>
</html>
