2698 4068
223 230 324 287 XXXII
625 233 830 289 PRAEFATIO

223 403 339 462 relatifs
373 421 430 460 aux
458 395 602 478 Mysteres
632 402 668 460 de
696 402 820 477 Mithra,
848 407 928 462 torua
951 403 1032 480 11p.
1059 397 1128 486 14),
1151 424 1238 481 repu-

224 491 320 551 diavit
354 491 599 551 anteeant
631 483 896 570 (Mithrasliturgie
925 512 953 568 p.
984 484 1076 574 218),
1107 495 1160 570 qui
1187 495 1238 554 ad-

223 581 365 640 iectivum
398 577 550 652 συνδέξιος
578 583 613 638 ut
635 580 797 639 formatum
830 581 869 640 ad
900 582 1100 642 imitationem·
1130 583 1239 644 talium

224 669 439 729 adiectivorum
467 669 555 745 quale
579 668 749 745 σύνθρονος
776 669 918 751 σύνεδρος
946 669 1074 741 σύνναος
1097 672 1239 748 explicari

224 777 310 834 possa
334 761 364 818 et
387 758 423 818 ad
448 760 626 817 sententiam
657 762 760 833 aptum
790 777 853 818 esse
880 761 1008 835 censuit,
1041 760 1121 835 quod
1143 762 1239 822 fusius

224 847 377 906 Friedrich
408 849 427 906 1.
448 866 471 906 o.
491 867 519 923 p.
541 849 635 922 l9sq.
665 848 809 924 exposuit.
857 848 914 907 seo
947 851 1012 907 tota
1043 850 1116 908 haec
1147 851 1238 909 inter·

224 939 364 1012 protetio,
395 938 505 1012 quippe
535 955 611 1013 quae
640 935 727 995 deum
750 937 893 996 Mithram
923 956 957 996 ao
981 955 1069 996 versu
1092 939 1240 1015 appellari

224 1028 349 1100 statuat,
372 1028 451 1084 stare
474 1044 533 1085 non
556 1027 662 1101 potest.
702 1026 807 1101 Neque
835 1027 913 1085 enim
941 1046 1073 1103 unquam
1096 1027 1239 1089 Mithram

225 1117 399 1192 cognomine
445 1113 575 1191 Μύστης
616 1117 755 1174 ornatum
795 1133 858 1174 esse
900 1115 1051 1175 Oumontii
1090 1116 1239 1178 indicibus

225 1204 369 1280 probatur
392 1195 486 1285 (tome
510 1203 540 1261 II
563 1223 591 1279 p.
617 1204 690 1277 532,
720 1199 823 1262 ‘Noms
851 1205 886 1263 de
913 1197 1060 1286 Mithra').
1108 1206 1151 1264 Ao
1180 1226 1239 1282 quo

224 1293 312 1353 modo
343 1291 437 1370 μύστα
466 1292 646 1370 poenicae,
675 1293 748 1351 deus
777 1294 842 1368 ipse
871 1292 1038 1372 βουκλόπος
1067 1295 1241 1370 compellari

225 1380 344 1458 potest?
389 1381 504 1441 Deinde
538 1383 605 1458 quis
637 1384 682 1441 est
711 1382 839 1440 Mithrae
866 1381 962 1460 πατὴρ
985 1380 1116 1462 &pavori
1161 1385 1240 1444 Nus-

226 1489 316 1548 quam
346 1473 506 1548 quicquam
536 1470 572 1528 de
602 1470 729 1529 Mithrae
759 1474 845 1546 patre
863 1471 1016 1546 traditur,
1048 1475 1078 1531 et
1101 1474 1152 1548 qui
1175 1473 1241 1533 fieri

225 1561 333 1636 potuit,
357 1578 425 1619 cum
442 1559 527 1618 nullo
557 1562 643 1636 patre
673 1560 791 1637 genitus
815 1579 850 1618 ex
871 1564 958 1636 petra
981 1562 1069 1618 natus
1100 1565 1140 1621 sit
1169 1561 1242 1634 θεὸς

223 1647 257 1708 ἐκ
279 1647 406 1728 wicpurg?
453 1649 550 1719 Quare
579 1645 711 1707 ‘Petram
739 1645 936 1709 Genetrieem’
964 1650 1129 1724 complures
1158 1651 1241 1710 tituli

225 1738 349 1796 tradunt
381 1731 525 1818 (Oumont
556 1737 575 1796 l.
599 1757 622 1797 e.
646 1759 674 1814 p.
700 1730 792 1818 533),
824 1742 941 1814 patrem
973 1739 1082 1798 nullus.
1136 1740 1242 1816 Neque

224 1827 320 1904 igitur
337 1827 480 1886 Mithram
502 1826 601 1902 ipsum
620 1846 653 1885 eo
668 1846 757 1886 versu
776 1830 859 1902 patet
873 1828 1028 1903 appellari,
1047 1828 1098 1888 sed
1111 1832 1242 1905 mystam

225 1915 431 1991 Mithriacum3
461 1911 569 1996 ‘antip
592 1911 714 1995 &yaoog'
739 1919 839 1974 autem
866 1917 929 1990 ipse
953 1921 997 1975 est
1021 1917 1160 1991 Mithres,
1189 1919 1242 1994 qui

227 2007 318 2064 etiam
347 2005 378 2063 in
409 2004 586 2081 quibusdam
616 2005 714 2064 titulis
739 1999 879 2083 ‘genitor'
908 2006 1085 2081 appellatur.
1132 2005 1242 2076 Quam·

227 2112 317 2171 quam
336 2096 428 2153 etiam
446 2094 482 2152 de
502 2093 676 2171 cognomine
692 2089 801 2170 ‘pater'
818 2113 918 2153 eorum
933 2094 1061 2154 Mithrae
1076 2097 1242 2171 mystarum

226 2183 353 2261 cogitari
376 2186 483 2258 potest,
514 2183 565 2258 qui
595 2202 744 2242 summum
773 2183 899 2261 gradum
929 2187 1089 2260 mysticum
1112 2187 1243 2244 assecuti

226 2276 308 2345 aunt3
342 2273 393 2332 sad
424 2272 546 2332 obstant
574 2273 696 2331 Firmici
719 2272 823 2346 verba,
854 2273 908 2348 qui
938 2292 1006 2331 oum
1032 2273 1124 2333 citato
1155 2292 1243 2333 versu

226 2365 332 2439 pergat
346 2362 436 2420 Hane
448 2362 595 2420 Mithram
618 2362 718 2421 dicaret
733 2408 738 2420 .
755 2409 760 2422 .
777 2379 869 2421 .vooe
892 2361 1001 2439 πατρὸς
1020 2359 1135 2441 ἀγαυοῦ
1154 2363 1243 2421 deum

225 2451 369 2509 Mithram
392 2450 554 2528 significari
583 2451 647 2526 ipse
677 2450 795 2509 videtur
825 2450 1006 2511 confirmare.
1051 2452 1114 2510 Neo
1141 2455 1243 2511 tamen

225 2558 336 2617 magna
359 2542 404 2598 est
426 2539 547 2598 Firmiei
571 2539 602 2597 in
625 2540 711 2598 rebus
735 2540 902 2598 Mithriaois
926 2541 1103 2615 auotoritas,
1131 2541 1242 2617 quippe

227 2628 282 2705 qui
303 2630 393 2705 paulo
418 2632 486 2688 ante
509 2628 675 2687 triformem
697 2628 781 2687 illam
806 2629 892 2687 deam
915 2647 984 2687 oum
1006 2630 1135 2688 Mithrae
1159 2630 1244 2689 cultu

227 2718 376 2792 confudit,
407 2719 456 2776 eui
484 2737 516 2776 re
541 2737 611 2777 vera
639 2717 715 2776 nihil
738 2720 783 2776 est
807 2736 873 2777 eum
896 2717 1021 2795 Mithra,
1052 2719 1088 2778 cf.
1113 2717 1245 2778 Gumont

227 2807 246 2866 1.
270 2825 292 2867 c.
316 2811 397 2867 tome
419 2805 436 2864 Ι
458 2827 486 2882 p.
507 2808 559 2879 29,
582 2807 614 2864 Π
635 2827 663 2881 p.
685 2808 725 2864 14
751 2798 850 2889 adul)

316 2896 399 2955 Haeo
430 2915 496 2954 oum
526 2914 580 2971 pro
611 2899 692 2955 certo
723 2898 816 2956 statui
838 2897 968 2972 possint,
997 2896 1029 2954 in
1057 2898 1244 2956 accuratiore

227 3003 328 3045 versus
357 2985 611 3060 ,interpretatione
646 2985 802 3043 haeremus
839 3002 874 3044 ac
913 3004 1007 3060 paene
1044 2985 1245 3061 desperamus.

227 3074 333 3151 Neque
356 3074 435 3133 euim
458 3080 492 3132 ut
515 3074 665 3133 ferebatur
684 3069 897 3134 (ΥΝΔΕΞΙΕ
920 3074 951 3132 in
975 3075 1075 3133 codiee
1099 3073 1246 3151 scriptum

228 3166 281 3238 est,
305 3164 357 3223 sed
378 3164 444 3222 luce
468 3164 579 3223 elarius
603 3158 812 3222 (ΥΝΛΕΞΙΕ
835 3163 958 3241 legitur:

339 3251 450 3312 Μύστα
473 3251 653 3331 βοοκλσπίης
676 3249 805 3323 συνλέξιε
824 3251 934 3330 πατρὸς
952 3248 1075 3331 ἀγαυοῦ.

228 3339 306 3410 Quid
333 3340 389 3401 hoe
418 3339 482 3401 est?
528 3339 658 3414 σύνλέξιε
686 3343 828 3417 scripturn
861 3360 915 3417 pro
949 3338 1075 3413 συλλέξιε
1107 3359 1166 3400 non
1198 3342 1246 3400 ita

318 3479 344 3546 1)
369 3477 445 3544 quod
472 3478 567 3530 tamen
595 3476 744 3546 impugnat
772 3475 945 3547 argumentis
973 3475 1051 3529 haud
1078 3453 1247 3544 spernendis

228 3547 577 3690 ieimffiirpsi.n1eiiirbu⁰h
595 3547 614 3601 f.
631 3547 753 3602 soxuelle
769 3546 1017 3601 Zwischenstufen’
1034 3546 1094 3600 Vn
1111 3564 1138 3615 p.
1155 3551 1247 3600 iao-
