2698 4068
599 202 650 262 §a
1097 193 1137 250 XI

119 365 170 424 fol.
187 365 257 424 28':
278 359 334 438 ΙΙΙΙ;
356 363 407 423 fol.
425 366 482 423 36*
501 355 548 445 (iu
570 364 627 424 fine
646 359 743 445 libri):
768 366 804 424 V.
849 366 886 424 In
904 366 954 425 fol.
974 367 1010 424 4*
1033 365 1133 424 nullus

7 523 9 534 .
120 457 166 513 est
196 471 344 512 numerus.
391 452 475 512 Unde
508 454 682 514 concludere
714 455 796 528 licet,
835 473 902 514 cum
936 456 1083 514 corrector
1109 473 1133 528 p

119 544 206 602 hosce
238 560 376 601 numeros
408 541 540 616 inferret,
572 544 724 622 integrum
755 547 828 602 tunc
855 545 983 620 primum
1014 547 1133 618 quater·

119 632 240 691 nionem
266 631 372 705 fuisse,
399 650 477 690 nnnc
505 635 536 690 et
561 632 622 690 iam
651 651 673 692 s.
692 632 763 690 XVI
790 632 929 691 lacerum.
980 630 1044 700 Quo
1067 650 1132 691 sen·

119 721 222 780 tentia
242 719 459 797 quodammodo
487 721 722 797 commendatur,
755 741 831 796 quae
860 721 955 780 adbuc
982 721 1134 780 ferebatur

119 809 210 868 nullis
233 809 334 868 allatis
357 811 470 883 causis,
497 810 584 885 plura
612 830 702 886 quam
730 810 787 869 duo
817 810 892 869 folia
918 809 1016 886 prima
1038 810 1133 869 libelli

118 898 293 957 Firmiciani
319 916 379 957 non
400 899 550 974 interisse,
578 899 657 977 quod
680 919 751 959 sane
775 899 865 958 etiam
889 919 923 959 ex
950 899 1015 974 ipso
1038 898 1134 958 libelli

88 1034 91 1041 .
121 990 296 1066 argumento
320 991 350 1046 et
367 987 468 1046 indole
487 987 691 1047 coniciendum
710 991 763 1048 est.
802 988 988 1064 Quamquam
1011 1006 1133 1064 prorsus

118 1096 228 1154 negare
259 1096 320 1136 non
350 1077 422 1136 licet
457 1076 519 1135 iam
553 1080 714 1153 antequam
753 1080 901 1137 corrector
926 1097 951 1151 p
982 1078 1133 1155 integrum

119 1166 345 1242 quaternionem
363 1166 493 1240 primum
511 1184 634 1224 numero
656 1162 661 1225 Ι
683 1171 811 1241 ornaret,
835 1166 966 1226 codicem
989 1167 1131 1242 mutilari,

118 1254 232 1314 scilicet
258 1273 319 1312 uno
347 1254 396 1312 vel
422 1253 558 1331 pluribus
586 1255 957 1331 quatemionibusnorbari
989 1256 1130 1334 potuisse.

209 1344 238 1400 2.
261 1362 294 1422 rr,
324 1342 508 1419 signavimus
537 1361 657 1401 manum
687 1347 893 1419 recentiorem,
926 1363 948 1404 s.
967 1343 1051 1419 XVI,
1083 1345 1131 1404 cui
1144 1353 1176 1406 πι

119 1449 220 1492 omnes
238 1431 270 1489 in
288 1431 339 1489 fol.
352 1433 384 1489 1r
401 1434 431 1490 et
450 1431 526 1491 aliae
545 1433 691 1506 quaedam
709 1435 742 1492 in
760 1435 864 1494 ceteris
882 1433 1001 1512 paginis
1020 1452 1132 1494 correc-

118 1523 205 1578 turae
241 1518 398 1594 debentur,
435 1539 509 1594 quas
541 1521 615 1580 Mus.
649 1521 741 1581 Rhen.
769 1521 822 1580 LX
850 1524 913 1581 422
949 1523 1130 1599 collegimus.

118 1608 185 1668 Hae
199 1611 383 1668 correcturae
397 1627 498 1668 omnes
513 1609 701 1668 consentiunt
719 1629 785 1669 cum
799 1611 977 1671 lectionibus
991 1611 1131 1670 editionis

119 1697 272 1774 principis,
295 1697 373 1756 unde
396 1698 458 1757 iam
480 1699 499 1757 l.
519 1717 542 1757 c.
561 1718 589 1774 p.
605 1700 668 1758 423
688 1699 781 1775 ipsius
804 1699 898 1758 Flauii
921 1718 1046 1758 manum
1069 1718 1131 1760 esse

118 1807 152 1866 π1
176 1787 322 1862 suspicati
344 1805 458 1864 sumus,
482 1789 517 1846 ut
545 1787 598 1862 qui
625 1806 701 1863 quae
724 1789 822 1866 legere
849 1807 909 1847 non
938 1789 1000 1848 iam
1023 1793 1131 1864 posset,

118 1894 172 1934 suo
194 1875 315 1954 ingenio
338 1877 521 1952 suppleverit
543 1879 663 1953 suisque
687 1877 864 1937 coniecturis
887 1898 946 1938 non
970 1878 1131 1937 editionem

119 1965 228 2039 solum,
261 1964 312 2024 sed
344 1966 435 2024 etiam
467 1965 567 2043 ipsum
603 1965 734 2025 codicem
770 1966 979 2042 inquinaverit.
1035 1966 1132 2036 Quam

119 2053 315 2129 suspicionem
342 2074 444 2113 veram
470 2055 563 2115 fuisse
590 2073 668 2113 nunc
691 2055 900 2132 intelleximus,
925 2075 993 2114 cum
1016 2075 1051 2114 ex
1074 2055 1130 2114 Ta·

118 2142 235 2201 bulario
262 2142 371 2203 Urbioo
400 2144 610 2204 Ratisbonensi
636 2143 721 2202 nobis
754 2143 922 2220 petentibus
954 2145 985 2202 in
1017 2144 1130 2204 Biblio-

118 2231 234 2290 thecam
275 2232 401 2309 Regiam
437 2232 649 2294 Universitatis
688 2232 931 2292 Vratislaviensis
969 2234 1130 2292 fasciculus

119 2320 241 2397 quidam
263 2320 370 2380 missus
398 2321 438 2380 sit
464 2314 601 2402 (numero
633 2322 768 2398 signatus
799 2314 865 2403 26),
892 2323 1044 2382 continens
1072 2324 1130 2381 tre·

118 2412 218 2468 centas
236 2411 297 2469 fere
316 2410 459 2487 epistulas
480 2429 498 2469 a
516 2411 616 2470 Flacio
636 2411 761 2485 scriptas
781 2410 819 2468 ad
837 2411 996 2470 Nicolaum
1010 2410 1131 2470 Gallum

119 2499 409 2574 superintendentem
446 2499 699 2559 Ratisbonenscm.
759 2496 872 2568 Quibus
909 2500 1025 2560 collatis
1063 2519 1130 2560 cum

118 2587 227 2647 codicis
255 2587 328 2647 folio
358 2590 397 2662 1²,
424 2588 507 2648 ouius
534 2588 639 2647 tabula
668 2588 905 2665 photograpbica
928 2607 947 2647 a
970 2587 1130 2649 Skutschio

117 2680 292 2750 comparata
309 2676 394 2736 nobis
413 2679 532 2753 praesto
556 2681 609 2750 est,
632 2680 749 2735 tantam
767 2679 962 2754 cognovimus
982 2681 1012 2736 et
1033 2678 1129 2738 totius

118 2759 249 2824 ‘ductus'
272 2785 361 2840 quem
383 2766 509 2824 dicimus
532 2769 563 2824 et
585 2766 770 2844 singularum
797 2766 968 2825 litterarum
991 2767 1129 2826 similitu·

118 2854 226 2928 dinem,
249 2856 284 2913 ut
304 2856 376 2930 quin
395 2854 529 2913 aFlacio
547 2855 618 2913 illae
632 2857 816 2913 correcturae
834 2856 867 2914 in
885 2855 985 2918 codice
1000 2857 1129 2931 scriptae

117 2943 187 3017 sint,
209 2944 270 3003 iam
294 2942 425 3002 dubitari
447 2962 507 3002 non
525 2945 627 3019 possit.
674 2941 760 3012 Quod
783 2947 819 3002 ut
842 2944 940 3019 quivis
962 2946 1129 3021 perspicere

118 3033 221 3108 possit,
251 3032 342 3091 etiam
372 3052 407 3090 ex
435 3032 497 3090 illis
527 3031 663 3108 epistulis
692 3049 783 3090 unam
806 3032 1042 3110 photographica
1065 3037 1129 3092 arte

118 3120 340 3196 exprimendam
368 3123 549 3197 curavimus,
586 3120 671 3180 cuius
704 3123 870 3198 exemplum
901 3123 1130 3199 phototypicum

116 3228 262 3269 unacum
281 3210 414 3286 exemplo
427 3210 494 3270 folii
516 3212 547 3269 lr
565 3209 673 3270 codicis
693 3210 824 3270 invenies
843 3213 876 3269 in
899 3212 978 3271 calce
996 3203 1128 3292 libellil)

207 3363 233 3431 1)
257 3359 450 3430 Expressimus
478 3361 616 3430 epistulae
645 3361 691 3415 die
718 3361 788 3415 XIV.
814 3362 936 3417 octobris
964 3363 1031 3417 anni
1059 3367 1127 3418 1o61

117 3432 239 3500 scriptae
262 3435 317 3502 (no.
337 3437 399 3502 alu)
424 3434 560 3503 paginam
587 3432 713 3498 alteram,
742 3433 820 3487 cuius
847 3434 877 3487 iu
905 3435 1027 3502 septima
1053 3433 1130 3488 linea

116 3502 221 3574 legitur
243 3521 295 3558 vox
318 3506 393 3576 ipos,
423 3521 508 3573 quam
531 3504 656 3559 conferas
685 3522 748 3558 cum
773 3520 839 3559 voce
863 3509 927 3576 ipa&
948 3505 978 3558 in
1000 3506 1128 3576 margine

117 3574 231 3630 dextera
249 3575 312 3630 folii
336 3582 363 3630 1‘
382 3576 486 3630 codicis
506 3575 629 3630 Palatini
649 3579 770 3630 exarata.
