2698 4068
609 249 623 309 ς
643 249 659 296 6
1058 247 1146 300 XLIII

130 413 149 469 l.
173 431 197 471 o.
220 432 249 487 p.
275 413 338 470 294
371 430 431 470 non
463 413 526 470 sine
558 414 640 472 iusta
673 431 762 472 causa
792 413 968 472 videbamur
990 416 1145 492 suspicari,

129 500 181 560 sed
204 501 242 559 ad
266 499 473 559 antecedentia
493 500 679 560 referendam
710 520 779 561 esse.
825 502 910 560 Nihil
940 502 1024 562 aliud
1049 506 1147 582 igitur

129 591 229 666 potest
247 590 339 648 fuisse
357 589 417 648 nisi
434 592 480 656 sil,
504 591 585 665 qnod
603 591 754 650 olsusnlae
773 593 873 668 gratis
890 593 1144 668 transponendum

128 697 192 738 esse
210 697 270 737 non
288 679 349 737 iam
367 678 525 754 credimus,
544 699 571 737 ι.
586 700 613 754 p.
629 679 737 738 XXVI.
773 680 916 739 Periodus
934 678 996 740 ¹illa
1020 701 1145 757 sequens

129 767 226 826 adbuc
248 767 473 842 corruptissima
496 767 611 826 duabus
634 770 719 827 novis
738 769 914 829 lectionibus
933 771 1022 830 facile
1040 776 1146 832 sanata

128 859 181 916 est.
228 857 348 916 Etenim
379 876 445 916 cum
476 857 548 916 olim
577 857 738 935 legeretur:
773 857 829 917 Vos
856 877 936 918 occec
951 906 957 918 .
973 909 978 920 .
995 905 1000 917 .
1016 863 1042 920 et
1064 878 1146 920 eene-

128 947 242 1004 rcndoe
264 946 334 1018 fidet
356 950 468 1005 oestrus
489 947 676 1019 implorando
699 949 793 1006 virtus
821 952 869 1015 est,
898 965 991 1022 supro
1017 951 1146 1008 bombos

16 1112 19 1118 Ι
129 1037 251 1109 eripitur
282 1039 308 1093 et
339 1034 358 1094 u
390 1039 506 1094 terrena
536 1035 697 1109 fruyititcte
730 1041 896 1110 separatur,
928 1037 1094 1098 coelestium
1116 1057 1147 1098 sc

127 1141 228 1182 rerum
255 1126 386 1183 societate
414 1125 570 1200 centsuyit,
603 1143 678 1198 quoe
708 1127 742 1183 ιιι
773 1127 907 1184 omuibus
940 1129 1052 1186 cetibus
1083 1131 1146 1186 swts

123 1217 216 1287 prout
241 1218 337 1286 polest
368 1214 414 1272 dci
447 1215 554 1272 summi
586 1216 717 1288 sequitur
747 1216 935 1292 voluntatem,
968 1219 1146 1275 sententiam

128 1302 217 1378 plane
241 1301 398 1362 obscuram
421 1301 563 1361 resarcire
583 1302 769 1363 conabantur
787 1304 898 1362 inserta
917 1261 963 1362 bis
982 1323 1053 1364 voce
1072 1323 1146 1379 quae

129 1384 213 1471 (post
235 1393 330 1449 uirtus
352 1394 445 1450 estet
468 1395 624 1463 separatur
587 1384 647 1473 ιιι.)
689 1391 731 1450 Αι
754 1391 843 1451 habet
866 1393 957 1452 codex
979 1412 1040 1452 non
1063 1411 1145 1466 sepa·

128 1485 222 1548 ratur,
246 1481 299 1539 sed
321 1484 483 1552 separatis,
506 1499 562 1538 noc
585 1497 639 1554 que
662 1480 708 1553 (io
730 1481 887 1554 munibus),
910 1482 962 1541 sed
984 1485 1041 1555 qul.
1080 1483 1145 1552 Quo

129 1569 352 1646 elegantissima
382 1569 498 1628 exsistit
527 1569 678 1647 periodus,
708 1589 798 1644 qnam
825 1571 858 1628 in
881 1574 983 1630 nostro
1007 1575 1146 1630 contextu

128 1659 215 1736 leges.
254 1657 484 1733 Supersedemus
508 1659 627 1734 quidem
646 1659 734 1734 plura
757 1659 874 1732 addere,
897 1659 949 1718 sed
972 1661 1068 1719 facere
1086 1679 1147 1718 non

128 1765 297 1823 possumus,
332 1748 404 1822 quin
436 1747 554 1807 eosdem
585 1747 666 1806 locos
689 1747 873 1822 Mathesoos,
897 1767 971 1823 quos
994 1768 1085 1834 supra
1108 1750 1147 1808 ad

128 1835 361 1895 confirmandam
375 1837 613 1895 emendationem
626 1838 752 1898 conditu
766 1838 931 1911 attulimus,
946 1857 1024 1896 nunc
1036 1840 1147 1897 iterum

129 1943 342 2001 comparemus.

165 2023 206 2076 De
226 2023 343 2078 emXX
361 2025 412 2095 ιιι
462 2025 465 2094 Ι
495 2023 779 2093 Math.195,21sqq.
844 2025 1008 2092 Mamaea,
1027 2032 1127 2093 ltsqq.

129 2094 159 2147 in
189 2113 277 2149 unum
310 2094 451 2166 colligit
478 2095 639 2149 hominibus
720 2096 798 2148 varia
826 2095 1031 2150 exhibentes
1063 2097 1146 2150 fidele

128 2166 230 2234 vires,
246 2169 449 2221 entcertecor-
477 2183 571 2220 rerum
590 2167 797 2221 diversitate
827 2167 1031 2222 commercium.
1057 2168 1147 2222 Erunt

129 2238 206 2306 poris
234 2241 263 2291 et
290 2237 378 2290 animi
404 2238 450 2291 di·
478 2237 668 2291 sollicitis
695 2255 798 2307 purum
826 2255 892 2291 sane
925 2239 955 2291 in
987 2240 1064 2293 omni
1099 2257 1145 2292 ne·

129 2309 332 2363 versitatem
355 2309 450 2362 exhi·
479 2325 511 2363 ae
539 2308 621 2363 fidele
644 2309 797 2378 petrocini-
826 2310 982 2378 gotiatione
1036 2310 1147 2364 solli-

128 2381 203 2434 bits
221 2380 330 2434 homini
346 2381 450 2434 inmor-
477 2398 526 2433 nm
548 2380 718 2434 defensionis
742 2398 798 2434 ex·
827 2380 903 2446 citi,
931 2381 1017 2435 utiles
1044 2383 1072 2435 et
1098 2382 1147 2450 qui

127 2451 242 2506 telitote
262 2451 449 2506 consociat...
478 2450 584 2505 hibui.
825 2451 1001 2506 substantiae
1025 2452 1145 2506 faculta-

157 2522 450 2591 Suprahomineseri-
515 2525 798 2577 ...utaterrena
825 2525 867 2577 tes
905 2524 963 2576 suis
999 2523 1146 2578 viribus

151 2595 206 2648 'tur
225 2595 450 2648 etaterrena
478 2594 685 2661 quodammodo
720 2611 798 2648 con·
826 2593 1014 2664 colligant
1051 2597 1146 2664 patres

141 2665 285 2734 ragilitate
311 2681 449 2734 separa·
477 2665 674 2718 versatione
699 2681 796 2734 sepo-
825 2665 951 2720 familiae
994 2665 1029 2720 ab
1069 2666 1146 2720 omni

128 2740 184 2792 tus
201 2736 449 2790 caelestiumse
477 2736 603 2790 situs.
614 2736 798 2791 caelesti·
825 2737 999 2790 luxuriarum
1038 2753 1145 2806 sepo-

128 2825 222 2862 rerum
234 2807 369 2862 societate
385 2824 449 2861 con·
477 2807 538 2860 bus
563 2824 608 2861 me
636 2825 669 2862 ac
695 2801 796 2862 divinis
826 2809 887 2862 siti
900 2808 1054 2877 voluptate,
1069 2809 1146 2876 iusti,

129 2879 231 2950 iungit
250 2881 352 2947 qui...
478 2879 718 2946 disputationibus
749 2880 797 2934 ad·
826 2879 881 2934 sibi
912 2883 1043 2934 vacantes
1072 2883 1102 2933 et
1129 2897 1146 2933 a

477 2949 620 3019 plicarem.
826 2952 1145 3006 conversationis

826 3022 956 3091 publicce
1026 3024 1146 3090 strepitu

811 3093 981 3164 ,separati
998 3137 1002 3145 .
1020 3137 1047 3146 ..

218 3192 260 3249 At
283 3191 449 3250 sententiae
473 3191 568 3249 tribus
592 3191 638 3249 bis
663 3191 735 3251 locis
759 3191 924 3249 similitudo
949 3193 994 3249 est
1013 3190 1110 3249 nullu!

217 3350 253 3409 In
283 3351 357 3409 folio
382 3351 439 3408 28V
468 3353 554 3410 novis
584 3350 762 3410 lectionibus
790 3352 844 3410 hos
873 3351 945 3410 duos
973 3352 1054 3411 locos
1084 3369 1145 3409 cor-

129 3441 267 3500 reximus.
313 3439 349 3498 In
372 3439 430 3499 fine
453 3441 537 3516 longi
558 3442 692 3516 excerpti
714 3459 749 3500 ox
771 3440 957 3517 Apocalypsi
983 3439 1029 3498 ita
1058 3439 1147 3498 hebet

130 3528 222 3587 codex
253 3520 299 3609 (et
330 3522 477 3609 Flacius):
510 3533 537 3587 ιι
566 3546 612 3588 eos
641 3547 763 3604 reanum
785 3576 790 3586 .
813 3575 820 3588 .
843 3577 848 3588 .
870 3528 1000 3588 Mutavit
1029 3530 1062 3586 in
1093 3546 1147 3587 oos

131 3616 298 3676 Bursisnus
322 3635 484 3694 pronomen
497 3635 562 3685 cos,
587 3612 679 3694 ‘quod
703 3637 885 3694 quamquam
908 3617 1067 3693 respondet
1089 3617 1146 3676 leo-
