2684 4062
276 216 325 271 DE
345 217 492 273 ERRORE
510 217 614 273 Paos.
629 217 709 272 REL.
729 216 805 271 OAP.
820 216 970 271 xlx-xx
1093 217 1134 282 51

120 407 189 446 non
213 383 474 446 confundetur'
521 386 557 446 ln
579 385 703 463 psalmis
727 388 818 446 etiam
842 387 939 446 simile
961 405 1137 461 responsum

120 480 177 534 est:
208 477 253 534 ait
284 477 361 535 enim
391 478 514 552 spiritus
542 479 662 534 sanctus
685 476 718 533 in
741 478 902 535 centesimo
925 470 1083 553 (decimo)
1108 478 1137 533 et

120 565 246 641 septimo
269 566 399 641 psalmo:
423 560 543 641 ‘Lapis
567 584 669 640 quem
696 565 983 640 reprobaverunt
1006 564 1136 623 aedifi-

121 658 245 713 cantes
275 655 332 712 hio
359 655 479 714 faetus
503 657 558 714 est
580 655 616 711 in
640 657 746 728 caput
776 653 915 731 anguli:
949 672 967 712 a
995 653 1137 712 domino

94 743 241 802 stactus
265 745 319 803 est
342 743 411 802 iste
435 747 471 802 et
494 745 548 802 eat
569 741 752 802 mirabilis
775 745 813 800 in
835 742 950 803 oculis
978 738 1136 802 nostris?

120 831 177 891 Per
202 834 314 892 multos
341 832 502 908 prophetas
530 833 653 907 spiritus
681 833 801 891 sanctus
830 833 957 891 nominis
980 831 1067 890 istius
1091 850 1136 890 or-

121 921 220 980 dinem
252 924 408 982 monstrat.
454 920 508 979 Ait
540 921 618 980 enim
649 921 809 980 Zacharias
841 921 1001 996 propheta:
1033 915 1138 980 ‘Ecce

121 1029 184 1086 ego
217 1010 352 1070 adduco
382 1029 529 1086 puerum
562 1030 689 1085 meum,
723 1007 831 1068 Ortus
859 1027 983 1068 nomen
1012 1010 1043 1068 ei
1072 1012 1138 1085 est,

121 1100 292 1174 quoniam
324 1099 419 1174 lapis
453 1119 554 1175 quem
586 1099 670 1157 dedi
706 1102 787 1158 ante
819 1098 961 1157 faciem
998 1099 1138 1158 Hiesu:

81 1207 106 1246 ro
121 1207 226 1264 super
256 1189 413 1263 lapidem
444 1189 561 1263 ipsum
593 1207 699 1247 unum
736 1190 872 1263 septem
904 1188 1000 1247 oculi
1033 1182 1136 1247 sunt'

122 1276 179 1335 Sed
205 1280 242 1335 ut
263 1277 451 1337 manifestius
475 1280 599 1350 constet,
623 1279 794 1352 antiquiora
817 1275 1053 1336 venerandarum
1080 1277 1174 1340 leo-u

120 1369 236 1424 tionum
267 1369 380 1426 secreta
407 1366 583 1442 pandamus.
629 1366 665 1424 In
688 1367 921 1425 Deuteronomio
949 1368 994 1424 ita
1017 1385 1138 1441 conpre-

119 1454 246 1513 hensum
283 1458 341 1514 est:
388 1451 448 1514 ‘Et
485 1454 622 1515 scribes
659 1475 768 1531 super
804 1455 961 1531 lapidem
1003 1473 1138 1514 omnem

121 1545 234 1621 legem
260 1540 371 1603 hanc’
417 1543 526 1604 Hiesus
553 1546 645 1604 etiam
673 1544 756 1604 Nave
779 1546 862 1604 iussu
889 1544 1058 1604 divinitatis
1080 1543 1137 1603 hoo
1151 1557 1210 1606 (1⁰⁸)

81 1653 105 1692 is
120 1633 290 1709 specialiter
309 1633 530 1709 conprehendit,
548 1635 593 1691 ait
615 1635 708 1692 enim:
732 1629 793 1692 ‘Et
816 1634 958 1709 accepit
980 1632 1138 1708 lapidem

119 1741 285 1798 magnum
308 1726 343 1781 et
365 1722 500 1782 statuit
528 1741 603 1781 eum
631 1725 757 1780 contra
784 1721 971 1780 dominum.
1017 1722 1063 1781 Et
1086 1723 1139 1780 ait

119 1811 252 1871 Hiesus
276 1812 318 1870 ad
340 1813 525 1888 populum:
548 1829 628 1870 ecce
652 1812 747 1886 lapis
767 1806 772 1879 l
792 1811 862 1870 iste
886 1812 956 1870 erit
978 1811 1080 1870 vobis
1101 1814 1137 1870 in
1147 1821 1246 1874 sonaov

120 1903 333 1959 testimonio
370 1903 455 1977 quia
485 1903 556 1960 isto
589 1900 733 1959 audivit
765 1902 883 1958 omnia
916 1919 1005 1975 quae
1039 1900 1137 1960 dicta

121 1993 204 2048 sunt
233 2009 252 2049 a
282 1989 422 2049 domino
461 1989 601 2065 quando
634 1991 808 2064 loquutus
843 1992 897 2048 est
930 1988 969 2047 ad
1000 2008 1074 2066 vos,
1103 1993 1138 2049 et

10 2121 12 2126 s
80 2099 107 2136 ao
122 2080 192 2138 erit
214 2079 284 2138 iste
308 2079 410 2139 vobis
433 2079 684 2138 testimonium
706 2080 742 2137 in
766 2080 963 2138 novissimo
987 2079 1137 2154 dierum,

120 2168 264 2244 quando
288 2169 554 2228 recesseritisa
577 2168 718 2226 domino
742 2163 884 2226 vestro?
927 2167 1013 2237 Quod
1037 2171 1173 2232 autema

119 2277 173 2333 per
198 2258 277 2316 huno
304 2257 443 2333 lapidem,
471 2257 501 2315 id
530 2259 575 2316 ost
602 2275 656 2332 per
687 2256 839 2316 dominum
872 2259 1006 2314 nostrum
1038 2256 1136 2316 Iesum

120 2345 281 2420 Christum,
304 2350 335 2406 et
358 2346 400 2405 dii
423 2347 475 2404 isti
498 2347 596 2406 casuri
619 2347 737 2404 sinist
758 2345 921 2404 multitudo
948 2345 1137 2418 templorum,

120 2439 221 2511 aperte
245 2436 375 2495 Danihel
402 2435 578 2494 venerandis
606 2434 734 2493 oraculis
762 2433 930 2508 explicavit.
977 2433 1030 2491 Ait
1057 2434 1138 2491 enim

79 2543 188 2584 ascum
219 2525 466 2601 interpretaretur
497 2525 646 2582 somnium
677 2524 770 2599 regis:
804 2518 863 2579 ‘Et
895 2540 981 2581 ecoe
1008 2524 1136 2601 imago

119 2612 238 2690 imago
270 2614 377 2672 nimis
405 2632 533 2691 magna
561 2621 596 2671 at
623 2611 885 2685 contemplatio
908 2613 1026 2687 ipsius
1047 2613 1135 2671 ima-

210 2781 229 2837 8
248 2782 470 2850 Pa.117,22sq.
563 2780 577 2834 7
598 2782 682 2836 Zach.
697 2785 800 2850 3,88q.
897 2780 934 2836 lu
953 2782 1037 2836 Dcat.
1052 2787 1098 2848 27,
1107 2785 1135 2836 8.

120 2855 156 2908 15
176 2856 266 2911 Josua
283 2857 384 2919 24‚26.
456 2852 494 2906 25
513 2853 591 2907 Dan.
605 2857 633 2919 2,
643 2857 676 2907 31
686 2870 741 2923 sqq.

209 2979 224 3032 1
246 2978 333 3032 simili
347 2979 381 3032 P.
441 2976 458 3030 2
478 2976 586 3030 decimo
606 2979 635 3030 et
653 2976 773 3047 septimo
793 2977 831 3032 St
843 2983 958 3048 propter
972 2979 1136 3046 clausulam,

119 3053 148 3104 et
171 3050 291 3120 septimo
315 3049 424 3104 decimo
438 3067 477 3118 pr
495 3066 555 3103 cum
571 3049 630 3110 Wo,
649 3049 758 3102 decimo
777 3065 828 3103 om.
843 3051 883 3104 P:
905 3066 944 3103 aa
961 3050 1050 3117 ipsius
1069 3051 1134 3104 Fir·

117 3124 245 3178 mica'hic
263 3120 413 3178 moreat?
477 3119 540 3174 4c.
550 3138 581 3190 p.
597 3119 694 3190 anguli
713 3120 778 3175 add.
837 3119 901 3173 Sd.
912 3138 942 3190 p.
957 3138 1051 3174 meum
1070 3121 1134 3175 add.

119 3195 136 3247 9
156 3193 234 3248 loeus
258 3195 312 3264 quc
336 3192 415 3248 dedit
438 3207 493 3276 unq
516 3191 589 3246 facia
607 3191 702 3245 hiesus
721 3192 756 3258 P,
775 3208 822 3246 em.
838 3192 886 3247 Bu
905 3193 963 3246 coll.
980 3187 1133 3263 Gypr.'teat.

117 3266 157 3320 11
172 3270 222 3332 16;
240 3264 314 3335 lapis
328 3281 412 3333 quem
427 3264 493 3318 dedi
508 3280 602 3317 coram
620 3263 682 3316 lesu
696 3263 747 3318 Fl.
826 3261 860 3316 11
883 3262 1032 3331 antiquora
1049 3280 1134 3316 uene-

117 3337 246 3402 randorn
266 3337 300 3390 P.
381 3335 417 3390 12
437 3335 553 3389 deutero
571 3334 660 3387 nomii
678 3335 712 3388 P.
792 3333 827 3387 17
848 3333 929 3387 uobis
949 3335 984 3401 P,
1003 3334 1072 3387 mihi
1086 3351 1133 3404 pr.

121 3407 157 3461 lu
180 3407 341 3462 testimonio
360 3409 394 3474 P,
421 3406 616 3461 testimonium
635 3423 680 3474 pr.
793 3405 839 3459 dd.
854 3423 885 3474 p.
905 3404 942 3458 22
962 3404 1086 3474 lapidem
1109 3412 1135 3460 et

119 3477 156 3532 22
176 3478 315 3533 Christum
335 3485 359 3534 et
377 3479 435 3532 sint
453 3478 517 3532 add.
604 3475 642 3530 24
661 3475 750 3530 oculis
769 3477 803 3541 P,
821 3494 870 3531 ena
885 3477 936 3532 Fa

209 3602 246 3656 12
265 3603 300 3670 cf,
316 3605 360 3669 15,
370 3605 395 3656 3.

938 3691 972 3744 4·
