2698 4068
190 201 229 255 VI
597 198 801 254 PRAEFATIO

188 371 299 429 multos
323 370 419 430 Flacii
441 388 553 429 errores
576 372 608 429 in
631 370 718 444 notis,
741 371 840 445 plures
862 370 973 428 tacitns
995 370 1027 426 in
1050 371 1134 428 textu
1156 371 1201 429 ita

76 525 78 529 ,
190 459 324 533 correxit,
356 461 391 518 ut
422 461 490 536 plus
522 460 610 518 semel
642 459 737 517 Flacii
769 458 904 518 sordibus
936 458 1059 518 detersis
1092 458 1200 519 codicis

188 548 279 608 verba
302 548 463 608 ditinaudo
486 548 661 622 restituerit,
684 547 863 623 nectarius,
886 546 937 606 nbi
960 540 1070 606 codicis
1093 548 1200 608 menda

188 637 308 697 Flacius
332 639 484 714 expressit,
508 639 687 697 certissimas
711 637 930 696 emendationes
952 636 1075 695 invenit.
1107 637 1201 695 Addi-

188 728 237 785 166
260 728 330 786 sunt
353 726 466 785 multae
488 745 583 801 neque
606 726 728 784 inutiles
751 727 840 784 notae
863 728 893 783 et
915 725 1062 801 Iosephi
1085 725 1200 785 Scali-

189 815 265 894 geri
289 814 425 892 epistula,
448 817 533 874 cuius
551 817 672 893 ingenio
689 814 748 874 loci
768 814 888 890 quidam
912 815 1023 890 optime
1049 819 1200 874 sanantur.

188 904 286 963 Multo
313 903 408 982 igitur
435 905 550 963 maiora
573 903 703 962 cheri
729 905 762 961 in
784 903 945 962 Firmicum
970 905 1087 980 merita,
1111 923 1201 979 quam

188 1012 223 1052 ex
250 995 352 1052 nostra
380 993 509 1053 editione
538 993 575 1051 ad
603 993 733 1052 codicem
759 1010 860 1052 rursus
888 1011 1033 1051 emersum
1063 996 1200 1052 accurate

187 1083 333 1142 recensita
361 1085 499 1159 apparet3
528 1082 607 1157 quod
633 1081 699 1140 ideo
722 1080 891 1156 tenendum,
914 1102 950 1140 nc
973 1083 1038 1140 iure
1061 1081 1201 1140 videatur

186 1173 299 1230 veritus
323 1189 393 1250 esse,
416 1191 453 1230 ne
478 1166 632 1230 ‘maiorem
654 1170 776 1230 indubie
799 1170 931 1230 laborem
959 1188 1047 1245 quam
1068 1164 1200 1229 laudem'

186 1261 221 1318 in
243 1260 371 1320 Firmico
395 1259 577 1320 emendando
599 1260 755 1319 inveniret.

276 1348 407 1408 Woweri
429 1368 519 1425 opera
541 1349 735 1409 fundamento
759 1349 806 1408 usi
828 1351 898 1407 sunt
920 1349 1052 1425 perduc
1072 1349 1199 1422 saecula,

187 1438 240 1513 qui
262 1442 331 1514 post
353 1459 420 1497 eum
439 1438 560 1498 Firmici
578 1438 713 1497 libellum
732 1437 895 1496 ediderunt.
929 1436 1111 1497 Adiecerunt
1130 1456 1199 1498 sane

110 1598 112 1604 Α
186 1527 286 1603 plnres
309 1527 526 1602 adnotationes,
553 1525 663 1602 quibus
691 1546 737 1587 res
760 1526 979 1604 mythologicae
1005 1547 1140 1603 quaeque
1164 1527 1199 1586 de

186 1616 337 1692 mysteriis
360 1617 505 1676 Firmicus
532 1617 626 1675 tradit
652 1617 883 1690 illustrarentur,
910 1615 983 1691 ipsis
1000 1635 1078 1676 ,1616
1101 1616 1199 1675 verbis

186 1723 272 1764 nemo
297 1724 417 1780 operam
441 1706 530 1778 dedit,
553 1707 613 1764 nisi
631 1706 710 1782 quod
733 1705 756 1763 I.
775 1705 827 1763 Fr.
848 1703 1048 1764 Gronovius
1072 1705 1108 1764 de
1126 1706 1199 1765 locis

187 1793 365 1874 quibusdam
388 1796 451 1872 egdt
473 1789 505 1852 in
523 1794 693 1853 monobiblo
713 1793 936 1853 observatorum
954 1794 985 1852 in
1007 1794 1200 1870 scriptoribus

187 1883 403 1958 ecclesiasticis,
422 1883 603 1943 Daventriae
625 1885 707 1942 1651
734 1874 771 1965 (o.
792 1884 821 1957 9,
844 1903 873 1958 p.
893 1875 1047 1964 92-98).
1081 1883 1200 1942 Talium

187 1971 351 2032 editionum
392 1974 498 2032 seriem
539 1973 720 2049 descriptam
760 1973 850 2032 habes
892 1973 972 2048 apud
1012 1972 1200 2032 Muenterum

186 2081 214 2137 p.
238 2061 344 2136 XXIX,
376 2061 455 2120 unde
487 2061 619 2138 capitum
651 2061 826 2121 divisionem
857 2061 888 2118 in
920 2061 1050 2121 editione
1082 2060 1198 2120 Ober-

186 2151 379 2209 tbueriana
394 2142 596 2232 (Wirceburgi
612 2143 712 2232 1783)
725 2152 823 2227 prima
841 2169 903 2209 esse
921 2151 1093 2210 institutam
1113 2148 1198 2209 disci-

186 2233 289 2321 11161)
326 2239 533 2318 Peragraphos
556 2240 694 2299 Halmius
717 2235 841 2298 addidit.

276 2328 482 2388 Fridericus
506 2329 679 2403 Muenter,
703 2331 857 2405 episcopus
876 2327 1042 2402 Selandiae,
1060 2326 1198 2385 Hannice

156 2429 157 2434 ’
186 2416 419 2477 MDOOOXXVI
447 2417 569 2478 Firmici
599 2418 734 2478 libellum
766 2417 859 2476 edidit
889 2417 1069 2476 instructum
1099 2435 1199 2476 rerum

185 2506 402 2583 verborumque
435 2510 647 2566 commentario
679 2506 913 2582 locupletissimo
943 2507 973 2565 et
1003 2506 1199 2581 praefatione,

186 2615 246 2671 qua
277 2595 357 2655 Iani
388 2595 578 2656 Michaelis
616 2596 757 2655 Hertzii
788 2595 869 2656 nisus
902 2595 1109 2655 dissertatione
1143 2590 1199 2654 ‘De

185 2683 263 2743 Iulio
295 2685 424 2746 Firmico
456 2685 592 2745 Materno
625 2687 746 2761 eiusque
777 2684 913 2762 inprimis
943 2685 979 2744 de
1007 2704 1104 2744 errore
1132 2703 1199 2760 pro·

186 2773 324 2832 fanorum
349 2775 530 2852 religionum
556 2768 680 2848 libello',
707 2775 844 2833 Hauniae
869 2775 963 2849 1817,
987 2775 1022 2833 de
1046 2773 1198 2850 scriptoris

185 2863 307 2922 nominc
336 2866 434 2923 aetate
462 2864 526 2922 vita
553 2882 588 2923 ac
615 2862 651 2922 de
679 2865 783 2939 scripti
809 2863 941 2924 fontibus
970 2863 1083 2940 origine
1111 2881 1198 2938 argu·

185 2954 286 3012 mento
306 2954 417 3028 optime
435 2953 609 3029 plerumque
627 2952 754 3011 disserit.
792 2951 873 3022 Quae
892 2951 992 3013 omnia
1014 2951 1053 3008 ad
1076 2950 1199 3009 verbum

186 3059 325 3117 expressa
348 3045 418 3101 sunt
440 3043 472 3099 in
495 3041 684 3118 Patrologiae
708 3041 861 3101 Parisiuae
884 3059 974 3116 quam
996 3039 1097 3116 Migne
1120 3057 1197 3098 oom-

79 3185 88 3202 ,
184 3132 289 3207 posuit
309 3133 391 3190 tomo
414 3130 474 3189 XII
496 3122 621 3212 (1845).

276 3219 384 3279 Secuta
403 3224 448 3279 est
466 3219 612 3279 Muenteri
630 3238 716 3278 curas
734 3219 919 3278 Francisci
938 3216 1084 3278 Oehleri
1107 3217 1198 3278 editio

276 3447 303 3514 1)
321 3443 401 3498 Hanc
420 3444 585 3498 divisionem
603 3442 702 3498 leviter
720 3443 839 3497 mutavit
853 3441 996 3508 Oehlerus,
1011 3441 1060 3510 qui
1077 3441 1198 3510 pristina

186 3516 281 3584 capita
299 3515 338 3569 XI
356 3518 385 3569 et
404 3515 454 3569 XII
471 3517 501 3569 in
519 3533 606 3569 unum
625 3515 771 3569 contraxit.
800 3512 949 3568 Oehlernm
967 3529 1018 3566 nos
1037 3514 1110 3582 (cum
1129 3512 1198 3565 Bur·

187 3587 265 3641 siano
285 3590 313 3642 et
331 3586 454 3655 Halmio)
474 3588 562 3640 secuti
581 3603 683 3639 sumus.
