2698 4068
332 237 381 290 DE
399 235 548 291 ERRORE
566 235 669 292 PROF.
684 237 764 291 REL.
785 237 862 295 OAP.
877 237 916 291 Ἦ
1088 238 1129 302 17

113 408 275 481 insaniam,
306 409 340 465 ut
367 405 444 466 illud
466 406 582 466 facinus
604 426 665 465 non
687 424 742 482 per
764 405 899 466 fraudem
922 406 1049 480 factum,
1079 407 1131 468 sed

114 515 167 572 per
184 497 332 554 insaniam
352 495 529 555 crederetur.
566 496 738 555 Praefertur
755 498 830 555 cista
848 495 880 553 in
900 515 959 570 qua
978 514 1030 555 cor
1048 513 1131 555 soror
1146 508 1195 557 (8⁵)

113 585 243 644 latenter
264 584 467 660 absconderat,
488 576 492 665 l
512 584 656 644 tibiarum
679 588 782 644 cantu·
800 587 831 644 et
843 585 1049 660 cymbalorum
1072 585 1219 647 tin-svm

113 676 180 733 nitu
213 674 387 749 crepundia,
411 673 518 749 quibus
541 693 616 749 puer
638 673 777 750 deceptus
809 674 908 732 fuerat
935 676 1130 733 mentiuntur.

89 763 165 822 cSic
186 764 218 822 in
241 763 383 822 honorem
405 763 528 838 tyranni
550 781 569 820 a
592 762 737 822 serviente
760 763 847 839 plebe
870 763 941 822 deus
965 764 1062 823 factus
1085 766 1132 823 est

115 853 168 928 qui
190 852 298 911 habere
317 870 377 911 non
396 853 495 926 potuit
514 853 706 926 sepulturam.
744 852 816 911 Fuit
835 853 927 911 etiam
945 853 1022 911 alius
1041 851 1131 911 Liber
1150 866 1166 915 6

114 943 190 1017 aput
212 940 328 1000 Thebes
352 943 499 1016 tyrannus
522 941 656 1018 magicae
680 941 754 1000 artis
777 943 926 1018 potestate
948 943 1130 1018 perspicuus.

113 1030 171 1089 Hic
203 1049 270 1088 cum
302 1029 461 1088 muliebres
494 1031 609 1088 animos
642 1032 762 1089 venenis
795 1029 975 1106 quibusdam
1007 1033 1036 1089 et
1068 1049 1132 1088 oar-

114 1120 244 1178 minibus
278 1120 463 1194 occupasset,
496 1138 551 1194 pro
582 1118 706 1178 arbitrio
744 1138 797 1179 suo
835 1119 966 1179 crudelia
999 1119 1133 1179 facinora

75 1229 101 1268 ιο
115 1207 281 1267 timentibus
304 1207 481 1282 imperabat,
503 1210 538 1266 ut
560 1212 659 1267 mente
683 1210 786 1284 captas
810 1207 924 1268 nobiles
947 1209 1086 1268 feminas·
1102 1211 1132 1266 et

114 1297 274 1354 libidinum
292 1297 445 1355 ministras
464 1296 588 1356 haberet
601 1300 632 1356 et
645 1297 796 1356 scelerum.
834 1297 891 1366 Qui
906 1299 1010 1372 qualia
1028 1297 1133 1357 fecerit

114 1384 239 1458 scelera,
261 1384 310 1444 vel
333 1388 479 1460 quantum
510 1387 601 1445 matri
633 1388 736 1445 contra
765 1385 873 1460 filium,
903 1387 951 1445 vel
981 1386 1132 1446 sororibus

8 1539 10 1543 ,
114 1477 218 1533 contra
241 1475 365 1532 fratrem
391 1475 585 1549 imperaverit
613 1475 742 1548 facinus,
774 1477 805 1532 in
830 1475 943 1534 scaenis
967 1476 1090 1534 cottidie
1114 1494 1132 1533 a

2 1627 3 1630 Ἴ
114 1565 222 1640 tragici
255 1564 395 1622 carminis
425 1564 595 1623 auctoribus
619 1564 763 1639 traditur,
793 1567 828 1622 ut
851 1564 987 1622 scelerati
1010 1566 1132 1640 tyranni

2 1690 4 1714 l
75 1671 100 1712 ru
114 1653 280 1712 facinerosa
304 1651 518 1711 crudelitasin
542 1655 649 1711 animis
669 1653 854 1711 audientium
872 1654 998 1712 funestis
1017 1671 1133 1729 semper

2 1735 11 1773 ³'
114 1741 310 1802 relationibus
339 1745 520 1800 renascatur.
566 1741 654 1801 Hunc
683 1741 838 1820 Lycurgus
868 1741 969 1802 sobria
998 1744 1166 1806 virorum?

2 1828 3 1846 ³
116 1820 322 1890 odniuratione
345 1832 510 1906 protectus
535 1849 627 1908 regno
652 1831 746 1889 exuit·
770 1833 857 1907 pellit
879 1831 987 1906 patria.
1028 1832 1132 1907 Neque

2 1949 4 1998 l
116 1921 196 1978 enim
219 1920 407 1979 effeminatus
431 1938 606 1979 consensum
628 1921 760 1980 virorum
784 1923 884 1996 potuit
907 1919 1020 1980 diutius
1045 1921 1132 1980 susti·

2 2007 3 2018 ¹
116 2029 195 2068 nere.
241 2009 452 2067 Effeminatum
485 2009 641 2068 cinaedum
669 2012 747 2068 enim
776 2029 844 2068 eum
870 2011 963 2069 fuisse
994 2012 1025 2069 et
1052 2029 1133 2068 ama·

116 2187 178 2246 Neo
201 2187 274 2264 fuga
304 2189 368 2246 eius
391 2187 545 2264 Lycurgus
575 2189 693 2246 tantum
723 2191 769 2246 est
796 2188 943 2264 exilioque
967 2190 1133 2262 contenire,

117 2277 167 2336 sed
199 2277 307 2335 timens
340 2295 377 2334 ne
409 2275 526 2352 firgiens
559 2280 589 2336 et
622 2277 659 2335 ab
691 2276 758 2334 aliis
795 2279 931 2352 receptus
968 2276 1133 2336 ludibriosa

117 2366 260 2424 scelemm
288 2383 408 2424 suorum
438 2367 529 2423 etiam
559 2365 591 2422 in
618 2366 679 2423 alia
701 2367 821 2443 regione
845 2365 983 2424 conderet
1010 2368 1132 2439 semina,

117 2455 285 2514 succinctus
308 2455 386 2512 ferro
409 2455 527 2528 patriae
550 2453 675 2512 dedecus
693 2455 804 2512 minaci
822 2455 1009 2529 persequitur
1027 2454 1132 2514 edicto.

77 2562 103 2602 es
118 2543 201 2600 Tunc
224 2541 314 2601 Liber
342 2543 482 2617 proiectis
512 2543 630 2616 infulis,
661 2561 736 2617 quas
766 2545 933 2618 pampineis
957 2561 1132 2602 coronarum

117 2630 237 2690 circulis
260 2630 421 2708 inligabat,
449 2650 516 2690 cum
539 2631 677 2691 semiviro
701 2633 846 2691 comitatu
869 2633 986 2710 fugiens
1010 2633 1133 2692 -soli

208 2800 246 2854 26
265 2802 335 2856 Aen.
349 2800 400 2854 IV
409 2805 464 2856 215
483 2817 544 2854 oum
564 2801 694 2855 semiviro
714 2801 831 2855 comitat
869 2802 944 2872 (St).

208 2961 246 3015 10
265 2962 328 3030 dp.
342 2961 461 3014 feminas
476 2962 540 3016 add.
592 2961 629 3015 15
644 2961 744 3017 dante
757 2960 788 3014 in
802 2963 866 3016 add.
919 2962 954 3016 17
969 2963 1083 3036 pteetus
1098 2964 1132 3017 P.

117 3033 144 3088 d.
154 3051 185 3104 p.
204 3035 348 3102 protectus
367 3033 431 3087 add.
518 3032 556 3086 19
574 3031 747 3088 Effeminatui
769 3036 871 3086 conatu
887 3035 921 3100 P,
944 3036 1061 3090 correxit
1079 3035 1133 3094 Kc,

117 3105 167 3173 qui
184 3107 265 3160 etiam
284 3103 477 3158 effeminatum
513 3104 612 3160 loreum
630 3121 684 3159 ecce
702 3111 788 3160 censet
807 3106 950 3171 (cenatum
969 3105 1019 3160 del.
1028 3110 1096 3173 pn).

1 3195 7 3230 ι
118 3175 156 3230 23
176 3175 357 3230 contenderet
371 3177 405 3242 P,
424 3193 472 3230 em.
528 3219 534 3230 .
639 3175 676 3229 25
696 3179 814 3230 comani
832 3177 866 3230 P.
970 3174 1008 3229 26
1028 3177 1053 3230 d.
1070 3183 1133 3232 aare

2 3247 5 3266 '
118 3263 182 3301 cum
201 3247 265 3302 add.

210 3408 224 3461 7
242 3409 332 3462 Mutb.
344 3411 431 3474 108,3
443 3407 535 3477 regali
580 3407 723 3476 potestate
737 3406 909 3476 perspicuus.
923 3408 958 3473 cf.
967 3405 1054 3462 LVP
1061 3409 1098 3461 ΙΙ
1105 3411 1133 3461 8.

119 3477 399 3533 1Χ711Γ116.9.
429 3477 551 3534 ΘΙΙΙἿ
561 3482 605 3532 35.
635 3477 802 3533 OVI'II9.
830 3478 965 3533 Orxrll
976 3482 1018 3531 13.
1038 3476 1096 3531 ἸΙ
1107 3483 1134 3532 6,

119 3554 162 3604 14.
177 3552 219 3604 41.
249 3549 415 3605 uercc.
430 3555 473 3604 45.
493 3549 590 3605 ⁰132.
606 3553 649 3604 43.
680 3549 802 3605 OXIII'
811 3551 833 3604 I
843 3556 886 3604 10.
976 3549 1133 3603 1911661-

117 3621 216 3675 naedis
234 3623 265 3674 iu
285 3622 407 3676 Matbeei
424 3623 580 3690 samburne
597 3623 679 3676 certa
697 3622 776 3688 siunt.

173 3728 286 3768 Firmicus
300 3729 417 3768 Maternus
432 3729 466 3768 ed.
481 3729 602 3778 Ziegler.
957 3715 972 3762 ‘a'
