2698 4068
324 195 373 250 Du
392 195 539 251 ERRORE
558 195 967 252 piternnatam-111
1131 201 1149 263 7

136 366 280 425 versionis
304 364 449 424 exitium?
485 365 563 434 Quid
590 367 758 426 errantibus
785 367 955 426 hominibus
983 371 1013 426 ct
1035 369 1149 445 simpli-

137 457 210 514 citer
232 473 354 532 peccare
378 456 577 531 cupientibus·
608 456 644 515 de
667 459 759 516 sacris
782 459 843 516 tuis
865 457 979 516 malum
1001 461 1149 518 monstras

136 544 324 622 exemplum?
356 545 484 621 Physica
506 547 584 605 ratio
604 564 694 620 quam
712 545 796 622 dicis,
819 547 879 605 alio
903 566 1008 624 genere
1028 548 1148 606 celetur.

137 634 217 704 Quid
244 639 344 693 autem
372 636 463 694 celari
494 637 629 711 oportuit
656 634 737 710 quod
760 628 763 714 1
787 635 923 694 omnibus
951 640 1055 695 notum
1083 636 1238 697 aarum

108 722 196 783 sOur
225 724 370 802 plangitis
401 725 523 802 fruges?
564 724 624 783 Gur
653 726 849 784 recrescentia
875 725 985 801 lugetis
1013 722 1148 786 semina?

134 813 182 870 Ad
205 815 405 873 substantiam
419 813 534 891 generis
550 814 687 872 humani·
711 814 900 872 haecomnia
919 813 1021 872 divina
1040 818 1148 874 summi
1167 811 1183 860 ⁸

133 901 181 961 dei
210 902 391 963 liberalitate
422 903 532 962 donata
559 906 636 961 sunt.
687 902 828 980 Agendae
856 905 927 960 sunt
955 921 1068 962 summo
1092 905 1147 964 deo
1307 922 1322 970 b

133 993 248 1069 gratiae
270 996 394 1068 propter
416 993 481 1066 hoc,
504 1011 557 1050 nec
581 996 625 1050 est
651 994 761 1050 summi
791 992 838 1051 dei
861 992 992 1068 lugenda
1014 993 1146 1072 largitio.

133 1081 246 1140 Deflete
265 1084 367 1157 potius
388 1082 468 1156 quod
487 1083 602 1156 erratis,
622 1085 652 1140 et
670 1100 799 1140 errorem
817 1083 950 1141 vestrum
968 1086 1146 1143 restauratis

92 1190 118 1228 ιο
132 1188 248 1246 semper
270 1170 399 1229 luctibus
427 1169 568 1247 plangite.
618 1171 721 1228 Nolite
748 1171 856 1229 annuis
883 1173 975 1230 sacris
1005 1191 1146 1246 quaerere

131 1259 220 1316 funus
249 1260 387 1317 alienum.
442 1259 557 1318 Vestris
590 1261 690 1335 potius
717 1259 870 1319 funeribus
903 1263 1008 1335 parate
1035 1263 1145 1321 solacia

1 1395 8 1421 ¹.
120 1366 184 1422 per
212 1365 305 1406 annos
333 1348 473 1424 singulos.
525 1346 550 1406 Ο
578 1351 670 1408 miser
697 1349 786 1407 homo
813 1349 961 1408 invenisse
987 1353 1017 1408 te
1045 1353 1180 1411 nescios
1286 1367 1293 1380 ⁸

132 1435 205 1511 quid
226 1436 348 1513 gaudes,
372 1455 437 1494 cum
457 1438 588 1495 animam
607 1439 692 1494 tuam
715 1437 839 1496 existis
863 1438 953 1496 sacris
976 1459 1030 1514 per
1053 1459 1145 1499 annos

132 1525 264 1602 singulos
284 1525 398 1601 perdas.
436 1525 520 1583 Nihil
540 1526 602 1585 illic
624 1525 741 1586 invenis
767 1527 826 1586 nisi
849 1528 1041 1586 simulacrum
1066 1530 1145 1603 quod

1 1683 2 1686 Ἴ
90 1633 115 1672 15
130 1613 192 1689 ipse
215 1615 351 1690 posuisti,
383 1616 443 1674 nisi
474 1615 554 1690 quod
585 1617 694 1674 iterum
727 1619 780 1674 aut
809 1635 934 1690 quaeras
958 1620 1011 1675 aut
1032 1616 1144 1694 lugeas.

95 1699 97 1704 ’
129 1701 245 1770 Quaere
268 1706 368 1779 potius
388 1723 470 1780 spem
489 1704 604 1778 salutis
628 1723 737 1779 quaere
756 1705 909 1763 exordium
928 1706 1012 1779 lucis,
1035 1725 1144 1781 quaere

129 1793 208 1868 quod
231 1796 261 1851 te
284 1813 400 1852 summo
424 1793 479 1852 deo
494 1808 500 1820 ·
515 1797 569 1852 aut
594 1793 780 1853 commendet
802 1796 856 1853 aut
877 1795 996 1870 reddat,
1024 1800 1053 1854 et
1076 1815 1144 1856 cum
1223 1803 1227 1812 '

128 1900 229 1940 veram
252 1885 333 1941 viam
357 1883 464 1942 salutis
486 1883 648 1942 inveneris·
681 1883 787 1960 gaude,
815 1887 845 1942 et
867 1887 939 1942 tunc
962 1888 1060 1942 erecta
1083 1904 1144 1946 ser·
1179 1947 1184 1956 ,
1277 1923 1317 1974 ,Γ

126 1973 223 2030 monis
246 1973 386 2030 libertate
405 1973 570 2048 proclama:
602 1969 768 2051 εὑρήκαμεν
791 1973 996 2052 συγχαίρομεν,
1020 1993 1086 2032 cum
1106 1976 1143 2034 ab
1162 1937 1277 2004 ww*
1315 1939 1320 1978 ι

86 2077 113 2118 so
126 2060 173 2119 his
210 2062 433 2120 calamitatibus
465 2065 535 2137 post
571 2061 787 2137 paenitentiam
823 2065 908 2120 tuam
950 2065 1058 2122 summi
1095 2064 1143 2123 dei

127 2150 219 2208 siseris
242 2150 431 2228 indulgentia
454 2151 605 2209 liberatus
650 2188 655 2198 ι

215 2257 269 2315 ΠΙ.
301 2257 435 2335 Phryges
468 2257 521 2332 qui
552 2256 731 2317 Pessinunta
767 2258 915 2316 incolunt·
949 2260 1027 2317 circa
1061 2257 1143 2318 Galli

125 2345 256 2405 fluminis
275 2348 366 2421 ripas,
384 2349 482 2404 terrae
496 2350 660 2405 ceterorum
675 2347 888 2404 elementorum
905 2345 1042 2406 tribuunt
1060 2350 1141 2423 prin·

126 2435 272 2509 cipetum,
300 2436 331 2492 et
356 2435 434 2493 hanc
461 2435 566 2494 volunt
594 2437 727 2493 omnium
755 2453 817 2493 esse
845 2439 979 2493 matrem.
1026 2436 1141 2496 Deinde

1 2578 2 2581 ,
86 2538 111 2579 as
126 2524 160 2579 ut
184 2526 213 2580 et
236 2523 296 2598 ipsi
319 2540 451 2582 annuum
474 2523 533 2581 sibi
555 2542 709 2582 sacrorum
732 2523 866 2581 ordinem
890 2524 1029 2600 facerent,
1052 2526 1140 2584 muli·

126 2612 184 2669 eris
215 2611 317 2669 divitis
347 2629 382 2669 ac
411 2613 532 2689 reginae
562 2631 634 2670 suae
665 2631 795 2671 amorem
818 2632 894 2689 quae
924 2613 1021 2672 fastus
1045 2617 1139 2674 amati

125 2699 321 2760 adulescentis
345 2703 501 2776 tyrannice
524 2701 623 2760 voluit
645 2701 758 2775 ulcisci,
788 2720 854 2760 cum
878 2703 1007 2762 luctibus
1031 2705 1139 2764 annuis

124 2792 341 2864 consecrarunt,
372 2793 402 2848 et
430 2793 465 2848 ut
495 2792 568 2849 satis
598 2792 695 2850 iratae
718 2790 837 2849 mulieri
860 2791 999 2866 facerent,
1030 2796 1083 2852 aut
1104 2797 1139 2853 ut

123 2881 290 2956 paenitenti
313 2879 457 2939 solacium
482 2883 667 2955 quaererent,
695 2899 784 2957 quem
806 2879 898 2956 paulo
922 2883 992 2939 ante
1015 2883 1138 2959 sepelie-

211 3067 275 3122 29.
290 3069 355 3122 cdd.
429 3067 492 3122 dd.
503 3074 568 3138 poet
586 3068 657 3122 dicis
676 3068 741 3122 add.
792 3066 833 3142 ,¹4
851 3071 919 3123 nota
939 3071 971 3124 P.
1045 3069 1138 3125 bOur

121 3139 306 3193 recrescentia
320 3143 353 3207 P,
372 3141 407 3206 cf.
422 3141 490 3195 EM
500 3145 574 3207 276;
597 3140 692 3208 fruges
711 3141 802 3192 terrae
821 3143 850 3193 et
869 3156 904 3194 cr.
916 3159 960 3210 pr.
1025 3159 1077 3197 voc
1094 3142 1137 3196 lu-

141 3211 193 3264 etis
216 3213 331 3280 fortasse
354 3219 386 3266 ut
408 3214 521 3267 creticus
544 3213 669 3282 legenda,
696 3212 731 3277 cf.
751 3213 789 3266 ad
810 3216 857 3277 25,
871 3217 896 3266 4.
992 3213 1055 3270 dd.
1071 3216 1135 3268 add.

121 3227 264 3350 {potius
285 3286 317 3337 P.
388 3283 426 3337 10
445 3283 558 3352 Semper
578 3285 611 3337 P.
680 3283 717 3336 13
736 3284 763 3336 d.
773 3301 804 3353 p.
818 3283 925 3352 gaudes
944 3284 1008 3338 add.
1023 3285 1060 3340 sc
1079 3289 1135 3355 (nc-

1 3405 2 3414 ,
121 3353 178 3406 scio
188 3381 221 3399 =
233 3354 296 3424 -o?)
362 3355 399 3408 lb
417 3354 490 3408 nihil
504 3355 579 3423 quod
596 3355 640 3421 Oe,
655 3353 728 3408 nihil
741 3354 796 3407 nisi
812 3354 887 3423 quod
902 3357 952 3409 Hc
966 3356 1137 3412 dubitanter.-

1 3423 3 3446 '
115 3441 268 3493 perperam.
344 3427 378 3480 17
395 3427 421 3480 d.
432 3432 497 3496 poet
510 3427 562 3481 deo
577 3427 652 3493 add,
665 3444 689 3482 u.
700 3428 792 3495 praef.
806 3427 828 3496 ,d
842 3431 866 3480 3.
941 3426 978 3480 18
993 3431 1086 3483 erecta
1101 3430 1134 3483 P.

1 3545 2 3634 ἡ
118 3505 159 3587 19
183 3507 410 3630 (ΥἳέΕΡΟΜΕΝ
435 3509 467 3560 Ρ.
596 3505 633 3560 29
657 3505 843 3561 rnssmuuri
865 3509 896 3560 P.
1025 3509 1050 3563 d.
1071 3516 1135 3564 cute

119 3593 195 3630 clrca
213 3595 277 3632 a.
372 3607 375 3614 ¹
