2684 4062
232 205 280 261 DE
299 205 446 263 ERRORE
465 207 568 264 Paos.
583 207 662 263 ΗΕΒ.
682 205 1012 264 cAP.xxvu1-xx1x
1084 205 1123 273 81

198 378 303 438 XXIX.
337 377 394 438 Sed
414 382 444 437 at
462 378 546 438 vobis
564 379 760 440 sacratissimi
782 381 976 455 imperatores
1001 378 1038 438 ad
1063 377 1125 436 vin·

109 467 270 526 dicandum
288 472 319 528 ct
336 468 521 543 puniendum
539 468 596 528 hoc
614 469 727 527 malum
749 468 909 528 necessitas
929 469 1103 544 imperatur,
1119 459 1233 549 lyessa*

110 560 141 614 et
172 558 228 616 hoc
259 557 342 616 vobis
376 557 424 617 dci
455 557 562 618 summi
595 558 660 635 lege
691 557 890 634 praecipitur,
922 561 956 616 ut
983 559 1125 616 severitas

109 649 210 706 vestra
232 645 390 705 idolatriae
414 648 530 706 facinus
554 647 744 706 omnifariam
766 649 971 722 persequatur.
1014 645 1126 706 Audito

82 738 140 798 set
162 735 355 794 conmendate
378 737 489 795 sanctis
512 737 645 795 sensibus
668 736 789 810 vestris,
817 735 890 812 quid
913 736 949 794 de
971 737 1030 794 isto
1053 736 1125 794 faci-

109 843 180 883 nore
199 824 270 884 daus
289 825 400 884 iubeat.
432 824 468 883 In
487 824 718 884 Deuteronomio
742 824 790 884 lex
807 826 868 884 ieta
885 827 1052 901 perscripta
1071 828 1125 898 est,

109 916 153 972 ait
176 916 267 973 enim:
291 908 445 983 ‘Quodsi
467 917 655 994 rogaverit
676 917 712 973 te
735 915 850 973 frater
872 917 968 987 tuus,
996 917 1058 972 aut
1080 915 1124 972 fi·

108 1003 179 1064 lius
207 1007 305 1078 tuus,
328 1006 390 1062 aut
412 1023 501 1063 uxor
523 1006 585 1062 tua
608 1023 698 1080 quae
721 1008 774 1063 est
796 1005 834 1062 in
856 1003 937 1062 sinu
959 1006 1034 1077 tuo,
1063 1006 1125 1061 aut

109 1093 243 1152 amicus
262 1095 344 1151 tuus
365 1093 425 1168 qui
442 1096 498 1152 est
516 1093 682 1168 aequalis
697 1093 835 1152 animae
854 1096 951 1166 tuae,
965 1092 1125 1151 latenter

68 1205 95 1244 ro
109 1181 244 1241 dicens:
263 1199 383 1240 eamus
399 1184 433 1241 et
446 1184 646 1242 serviamus
666 1182 736 1243 diis
755 1181 841 1241 aliis
860 1181 930 1241 diis
950 1181 1124 1259 gentium,

108 1289 177 1328 non
205 1272 409 1330 consenties
437 1270 483 1345 ei,
515 1275 549 1330 et
576 1291 645 1330 non
674 1271 843 1330 exaudias
872 1290 961 1345 eum,
994 1272 1029 1328 et
1056 1289 1125 1329 non

108 1363 233 1434 parcet
256 1359 381 1419 oculus
403 1363 487 1420 tuus
511 1379 616 1436 super
639 1380 715 1420 eum
738 1362 773 1419 at
796 1379 864 1419 non
883 1358 1018 1419 celabis
1038 1379 1122 1419 eum.

108 1447 337 1508 Adnuntiane
365 1448 601 1509 adnuntiabis
629 1449 669 1508 de
696 1449 777 1525 illo;
810 1468 933 1509 manus
963 1451 1026 1507 tua
1054 1449 1124 1507 erit

108 1554 215 1613 super
242 1557 317 1596 eum
350 1540 386 1596 in
418 1539 545 1613 primis
576 1539 789 1597 interficere
817 1556 906 1611 cum,
939 1539 973 1596 et
1000 1556 1123 1597 manus

68 1647 94 1688 re
109 1629 222 1686 omnis
244 1627 371 1702 populi
394 1632 588 1703 postremo,
611 1630 646 1686 et
668 1627 887 1703 lapidabunt
906 1646 981 1685 eum
999 1630 1035 1686 et
1052 1646 1123 1686 mo·

7 1753 11 1760 ·
108 1717 237 1790 riatur,
270 1717 437 1791 quoniam
467 1716 653 1792 quaesivit
680 1720 844 1776 avertere
871 1720 906 1776 te
935 1735 953 1775 a
981 1715 1123 1774 domino

108 1800 189 1864 tuo'
225 1805 288 1864 Nec
310 1805 373 1864 filio
396 1806 480 1865 iubet
502 1809 596 1882 parci·
612 1825 666 1865 nec
684 1805 780 1880 fratri,
803 1809 834 1865 et
856 1824 910 1882 per
933 1807 1034 1865 amata
1056 1816 1158 1865 cona

108 1895 185 1972 iugis
213 1894 346 1954 membra
376 1894 511 1973 gladium
537 1894 686 1956 vindicem
709 1895 798 1956 ducit.
845 1894 983 1954 Amicum
1006 1914 1123 1971 quoque

108 1982 229 2042 sublimi
252 1984 411 2044 severitate
435 1987 637 2061 persequitur,
664 1989 695 2044 at
722 1984 762 2045 ad
789 1983 982 2061 discerpenda
1006 1985 1122 2044 sacrile-

68 2091 212 2150 rogorum
244 2092 369 2150 corpora
401 2074 496 2134 omnis
529 2075 657 2151 populus
688 2077 829 2133 armatur.
874 2073 1003 2151 Integris
1032 2075 1122 2132 etiam

108 2162 280 2221 civitatibus
309 2165 335 2221 si
358 2164 389 2222 in
416 2164 474 2223 isto
497 2164 613 2222 fuerint
639 2164 770 2222 faenore
794 2163 1002 2239 deprebensae,
1025 2163 1123 2222 decer·

106 2254 218 2309 nuntur
246 2252 373 2325 excidia,
401 2256 431 2312 et
453 2255 488 2310 ut
514 2253 570 2312 hoc
597 2251 785 2328 providentia
813 2255 912 2311 vestra
935 2253 1122 2310 manifestius

108 2339 215 2414 discat,
245 2341 424 2399 constitutae
451 2341 527 2417 legis
555 2342 734 2400 sententiam
756 2342 914 2416 proferam.
961 2341 997 2399 In
1020 2339 1123 2399 codem

107 2428 184 2487 libro
212 2431 337 2505 integris
366 2429 539 2488 civitatibus
567 2449 695 2505 poenam
721 2429 858 2488 dominus
881 2430 938 2488 hac
961 2448 1031 2488 voce
1055 2447 1123 2488 con·

68 2538 93 2578 rs
109 2517 222 2591 stituit,
247 2519 292 2576 ait
315 2518 406 2576 enim:
436 2513 520 2577 ‘Aut
542 2521 574 2578 si
596 2518 756 2577 audieris
779 2520 816 2577 in
838 2537 908 2577 una
930 2537 968 2578 ex
992 2519 1121 2577 civita-

107 2605 205 2666 tibus
224 2625 312 2681 quas
337 2606 500 2666 dominus
524 2608 609 2667 deus
632 2610 716 2666 tuus
740 2607 801 2666 dat
824 2607 894 2666 tibi
912 2607 1120 2666 inhabitare
1135 2624 1192 2673 (rso)

107 2695 200 2769 illie,
223 2695 399 2757 dicentes:
423 2715 542 2757 eamus
562 2699 597 2756 et
616 2699 815 2757 serviamus
835 2697 905 2756 diis
930 2696 1015 2756 aliis
1035 2715 1122 2772 quos

199 2883 213 2936 a
234 2884 316 2938 Deos.
332 2889 375 2950 13,
387 2889 482 2939 e-ro.
557 2884 594 2940 25
614 2886 649 2939 so.
666 2889 709 2951 13,
721 2889 837 2940 12-18.

196 3026 214 3079 3
233 3027 259 3080 d.
275 3034 339 3082 onte
356 3031 388 3081 ut
408 3025 472 3082 add.
559 3025 577 3080 4
597 3027 877 3082 idololatricorum
898 3030 953 3083 Mu
970 3030 1078 3097 nupera}
1098 3035 1123 3082 ct

105 3099 145 3152 sic
164 3103 209 3165 52,
220 3103 263 3152 17.
283 3102 327 3164 53,
338 3104 378 3154 14.
400 3103 444 3166 54,
452 3103 479 3166 8,
494 3105 524 3153 at
539 3103 583 3166 52,
592 3103 631 3152 20
648 3098 840 3154 idolatrorum.
895 3099 941 3153 dd.
949 3099 1007 3168 pb
1022 3100 1120 3152 vestris

106 3176 132 3224 et
150 3170 168 3223 9
186 3173 252 3223 tuae
272 3170 336 3224 add.
448 3169 484 3224 12
503 3172 603 3239 parcat
622 3173 654 3236 P,
673 3189 721 3224 ern.
736 3172 793 3225 Bu.
884 3170 987 3224 celabis
1007 3172 1040 3224 P.

108 3239 145 3293 15
169 3244 310 3309 postremo
334 3244 364 3297 et
388 3242 435 3296 Bu
458 3244 560 3312 egregie
583 3259 617 3296 cc
635 3243 737 3297 LXX:
760 3242 808 3295 aul
826 3241 844 3310 ἡ
864 3242 923 3312 χεὶρ
947 3241 1054 3302 παντὸς
1071 3250 1121 3294 τοῦ

107 3311 175 3364 λαοῦ
204 3309 250 3366 ἐπ’
277 3311 380 3385 ἐσχάτῳ
406 3313 454 3367 καὶ
477 3313 710 3384 λυθοβολήσουσιν
734 3314 820 3367 αὐτὸν
844 3321 900 3380 ete,
927 3316 1073 3368 remouant
1096 3314 1124 3367 P

108 3382 257 3452 (deinceps
276 3384 339 3452 Fr).
450 3384 488 3439 16
507 3384 634 3438 abertere
654 3386 687 3439 P.
791 3384 826 3438 21
848 3386 874 3440 d.
884 3404 914 3455 p.
930 3384 1121 3453 deprehensae

107 3453 171 3523 epid.
187 3455 231 3508 Sir.
305 3454 342 3509 24
361 3455 509 3526 iuintagris
525 3457 558 3522 P,
577 3474 625 3511 cm.
641 3458 697 3510 Bu.
766 3455 804 3510 26
823 3456 998 3511 inhabitare·
1014 3455 1073 3510 illic
1088 3457 1120 3511 P.

197 3594 234 3650 22
252 3596 430 3652 manifestius
449 3598 553 3653 discat:
571 3599 606 3666 cf.
621 3603 667 3666 46,
678 3603 704 3652 8.

161 3705 274 3746 Firmlous
289 3707 407 3747 Maternus
422 3707 457 3746 ad.
472 3707 589 3756 Ziegler
945 3693 959 3740 6
