2698 4068
207 201 294 257 XLV]
612 199 817 254 PRAEFATIO

208 372 312 445 lineas,
336 373 367 430 et
384 388 537 429 monemus
561 368 867 446 singulasoolumnas
891 367 1097 446 quadragenas
1117 369 1223 444 quinas

208 460 302 518 lineas
326 462 440 531 tenere3
464 459 515 518 sed
539 477 574 516 ne
592 457 799 533 frequentibus
818 458 958 516 editionis
976 458 1121 534 principis
1140 457 1225 518 vitiis

209 549 419 624 deciperemur,
438 547 612 606 collationes
632 565 701 606 suas
720 546 855 606 codicum
872 545 986 604 ABDN
999 546 1144 606 MareVl
1160 548 1222 606 156
1334 607 1335 610 ,

209 636 345 697 omnibus
377 637 415 695 iis
447 637 521 694 loeis
552 637 698 712 inspicere
729 635 893 694 liberaliter
926 634 1101 695 Skutschius
1138 634 1224 695 nobis

208 727 352 803 permisit.

297 813 469 873 Adieoimus
491 814 620 873 indicem
649 816 830 890 scriptorum
858 817 888 872 et
915 813 1043 872 indicem
1067 813 1224 873 verborum

208 904 424 980 plenissimum,
447 922 507 979 quo
531 905 696 979 composito
718 904 836 961 utiam
859 903 919 979 ipsi
940 901 1023 961 haud
1045 902 1223 962 mediocrem

210 993 376 1051 utilitatem
390 992 476 1051 nobis
489 994 672 1068 paravimus,
695 993 741 1050 ita
758 990 894 1051 omnibus
909 994 1029 1068 gratum
1047 1010 1101 1051 nos
1119 993 1223 1050 fecisse

209 1081 390 1141 confidimus.
437 1081 588 1139 Accedent
610 1083 777 1157 syntaotioa
802 1081 947 1157 quaedam
968 1080 1182 1140 memorabilia.

298 1169 418 1230 Gratias
465 1171 591 1246 denique
640 1189 694 1246 pro
741 1169 850 1229 oblatis
894 1169 1044 1230 beneficiis
1091 1188 1223 1248 agamus.

209 1258 426 1319 Skutschius
449 1261 528 1318 enim
551 1263 727 1335 praeceptor
745 1261 846 1320 noster
868 1259 930 1317 iam
952 1259 1067 1334 pridem
1091 1260 1223 1318 inomni

210 1367 300 1424 opera
320 1347 461 1407 adiuvare
475 1366 529 1407 nos
544 1349 658 1422 solitus,
673 1350 709 1407 ut
723 1349 795 1408 olim
810 1348 848 1407 ad
862 1347 962 1407 studia
975 1347 1156 1407 Firmioiana
1169 1366 1223 1407 nos

209 1437 350 1512 admovit,
369 1439 414 1496 ita
433 1437 503 1496 huic
521 1456 639 1514 quoque
657 1437 756 1496 labori
777 1455 891 1513 semper
910 1437 1008 1496 adfuit
1025 1437 1223 1513 plagulasque

208 1529 345 1600 correxit,
363 1545 459 1601 neque
480 1526 555 1586 alter
568 1526 759 1586 Aristarchus
778 1526 976 1586 Firmicianus
996 1526 1042 1583 W.
1058 1525 1223 1585 Krollius

207 1616 239 1674 id
271 1616 369 1691 ipsum
406 1634 515 1678 muuus
552 1615 734 1674 invidiosum
771 1617 919 1692 suscipere
952 1614 1106 1674 orantibus
1137 1614 1223 1673 nobis

208 1704 320 1764 abnuit.
368 1703 487 1763 Tertius
510 1705 606 1764 libelli
630 1706 802 1763 emendator
824 1706 983 1779 fautorque
1006 1703 1222 1763 benevolentis·

208 1792 299 1852 simus
322 1793 355 1850 F.
374 1793 516 1852 Bellius
540 1794 668 1866 exstitit,
693 1812 750 1868 quo
770 1793 872 1852 eodem
891 1793 1091 1852 intercedente
1110 1794 1223 1852 factum

208 1883 262 1954 est,
284 1884 319 1940 ut
342 1880 475 1942 Paulus
499 1881 679 1941 Lehmann
703 1882 738 1940 de
758 1881 866 1940 studiis
885 1882 946 1940 suis
965 1880 1116 1940 Flacianis
1132 1901 1223 1957 quae-

208 1969 277 2028 dam
297 1970 416 2028 adrem
434 1974 567 2032 nostram
586 1971 768 2046 pertinentia
786 1970 896 2047 insigni
914 1970 1055 2030 comitate
1070 1971 1223 2030 nobiscum

208 2059 448 2119 communicaret
494 2060 539 2119 De
562 2060 594 2119 P.
614 2059 747 2134 Ehrlii,
769 2060 958 2135 Huelseni‚
987 2059 1129 2119 Koertii
1152 2079 1224 2139 arga

207 2166 261 2207 nos
275 2148 482 2208 benevolentia
495 2169 523 2224 p.
534 2141 617 2207 XLI1
630 2150 808 2209 rettulimus.
836 2148 936 2225 Atque
952 2151 1042 2208 etium
1056 2151 1223 2225 praefectos

208 2236 412 2297 Bibliothecae
436 2239 549 2316 Regiae
572 2238 785 2298 Universitatis
808 2237 1053 2297 Vratislauiensis
1077 2241 1107 2297 et
1125 2238 1222 2297 Tabu-

207 2327 278 2385 larii
301 2326 403 2385 Urbioi
426 2327 651 2388 Ratisbonensis
679 2326 848 2403 petentibus
876 2327 961 2386 nobis
988 2326 1115 2404 benigne
1139 2329 1222 2386 obse-

208 2418 293 2476 cutos
318 2434 380 2476 esse
404 2419 490 2493 grato
515 2419 613 2476 animo
638 2416 820 2476 confitemur.

297 2556 506 2619 Vratislaviae.
1043 2551 1078 2617 Κ.
1101 2551 1131 2617 Ζ.
