2698 4068
295 233 343 286 DE
362 235 510 290 ERRORE
530 235 633 291 PROF.
648 235 727 288 REL.
748 233 965 289 cAP.V1-vl1
1102 233 1143 298 19

127 422 233 477 mores,
261 422 316 464 nec
347 407 508 480 quisquam
536 405 709 481 peregrinas
737 404 962 479 superstitiones
990 403 1144 464 dissolutis

128 493 260 552 mori-bus
285 494 453 569 appetebat.
499 494 583 553 Tune
609 511 663 552 nee
691 496 810 553 senatus
834 493 966 554 consuli·
985 511 1040 553 nec
1062 494 1143 569 leges

128 585 173 642 rei
204 581 353 657 publicae·
387 601 440 642 nee
473 583 577 642 consul
607 582 723 660 legibus
753 581 857 656 defuit,
877 582 931 642 sed
953 582 1143 658 investigatis

129 670 264 731 omnibus
297 675 349 746 qui
381 672 468 731 huius
498 673 576 732 sacri
606 671 751 732 scelerata
780 674 946 732 commenta
976 671 1144 747 tradebant,

103 763 232 820 soontm
255 779 355 820 omnes
380 779 481 820 severo
505 763 600 822 immo
627 761 762 822 Romano
791 759 973 834 quaestionis
996 761 1143 818 examine'

128 850 267 924 capitalis
291 868 387 926 poena
410 849 446 907 de
470 849 587 910 consilii
611 851 759 908 sententia
783 848 900 910 decreta
923 851 980 922 est,
1001 868 1057 908 nec
1080 852 1144 908 tam

128 938 180 997 diu
215 939 347 999 vindices
378 939 474 1016 ,gladii
506 938 636 998 consulis
674 940 881 1014 conquierunt,
915 937 1056 1013 quamdiu
1087 938 1145 998 hoc

127 1027 240 1088 malum
272 1028 378 1087 fuisset
409 1028 555 1088 radicitus
593 1031 790 1103 amputatum.
846 1025 987 1104 Odigna
1015 1027 1144 1088 Romani

127 1117 256 1176 nominis
285 1117 517 1178 animadversio!
564 1114 589 1176 Ο
617 1119 734 1193 priscae
757 1117 878 1175 virtutis
901 1115 1054 1178 laudanda
1077 1134 1144 1176 con-

86 1227 114 1266 no
129 1206 254 1266 stantia!
301 1207 363 1265 Nec
386 1207 499 1266 civibus
523 1207 586 1266 suis
609 1207 712 1266 consui
735 1223 855 1280 parcere
878 1205 988 1279 votuit,
1015 1223 1083 1263 cum
1107 1204 1144 1263 ob

128 1294 317 1372 purgandam
338 1296 470 1370 patriam
491 1289 494 1372 Ι
515 1298 673 1372 peregrina
695 1296 772 1354 vitia
795 1295 993 1370 corrigimtur.
1155 1299 1239 1356 fol-⁷⁰

218 1383 285 1442 VH.
317 1382 459 1459 Sequitur
490 1384 567 1444 hano
596 1386 673 1446 sacri
704 1385 925 1460 contagionem,
955 1385 985 1440 et
1007 1382 1146 1442 imitetur

129 1471 263 1531 ordinem
295 1472 425 1534 funeris·
446 1492 463 1531 a
488 1472 591 1532 (terere
620 1472 774 1532 Hennensi
803 1471 926 1530 muliere
957 1490 1037 1531 mors
1065 1471 1146 1532 filiae

129 1563 308 1622 consecrata.
357 1561 438 1624 Nam
471 1561 607 1638 quicquit
637 1560 670 1621 in
703 1561 791 1620 (treta
823 1564 909 1635 pater
939 1560 1018 1620 circa
1049 1560 1145 1620 filium

6 1689 7 1692 η
89 1650 253 1725 refecerat,
284 1652 340 1710 hoc
371 1654 469 1712 totum
492 1650 579 1710 Geres
610 1654 684 1727 aput
712 1650 850 1708 Hennam
873 1651 983 1708 amissa
1004 1649 1068 1708 filia
1089 1650 1145 1709 im-

128 1739 276 1814 patientia
294 1742 423 1800 materni
446 1741 557 1800 doloris
574 1741 716 1800 instituit.
755 1739 840 1808 Quod
863 1742 1007 1814 quatenus
1030 1740 1145 1800 factum

129 1829 169 1887 sit
200 1829 284 1888 brevi
315 1847 449 1888 sermone
481 1831 689 1907 perstringam.
743 1829 871 1888 Unicam
904 1827 1018 1888 Generis
1051 1827 1146 1890 filiam

129 1937 219 1994 quam
243 1917 349 1978 Graeci
372 1918 573 1992 Persefonam,
602 1920 698 1978 nostri
727 1919 886 1978 immutato
917 1934 1050 1977 sermone
1073 1917 1145 1976 Pro-

129 2007 279 2082 serpinam
302 2007 414 2082 dicunt,
438 2008 477 2067 ad
500 2007 657 2084 coniugale
676 2008 857 2067 consortium
876 2006 976 2083 plures
994 2005 1145 2081 petebant.

17 2133 19 2136 -
89 2115 115 2154 20
130 2095 226 2155 Mater
252 2097 386 2156 sollicita
416 2096 452 2155 de
482 2096 668 2174 singulorum
698 2097 813 2156 meritis
836 2095 1002 2170 iudicabat,
1025 2099 1145 2154 etcum

130 2185 225 2244 adhuc
255 2185 392 2246 omnibus
422 2188 527 2244 matris
558 2187 706 2246 sententia
735 2185 888 2244 videretur
917 2184 1038 2259 incerta,
1063 2184 1146 2243 dives

128 2274 256 2334 rusticus
280 2275 328 2334 oui
351 2277 473 2351 propter
496 2274 617 2334 divitias
635 2273 746 2333 Pluton
768 2275 829 2332 fuit
848 2292 964 2347 nomen,
986 2273 1145 2333 temerario

129 2363 304 2439 cupiditatis
328 2362 446 2436 ardore,
470 2381 536 2420 oum
560 2381 657 2421 moras
682 2361 834 2421 dilationis
856 2363 934 2420 ferre
952 2381 1012 2420 non
1035 2365 1144 2438 posset,
1164 2373 1211 2425 (87)

130 2455 159 2510 et
191 2470 258 2510 cum
290 2453 476 2528 praeposteri
508 2454 617 2510 amoris
654 2453 831 2526 coqueretur
862 2449 1019 2527 incendiis,
1051 2470 1145 2526 prope

88 2558 114 2596 as
129 2540 254 2598 Percum
276 2542 429 2600 inventam
448 2542 595 2617 virginem
618 2540 707 2615 rapit.
743 2539 851 2599 Porcus
875 2542 920 2598 est
944 2542 1043 2598 autem
1061 2539 1145 2599 lacus

218 2689 237 2744 8
258 2691 312 2746 Gir.
330 2692 410 2746 Cutil.
424 2691 446 2744 I
456 2695 473 2745 3
491 2709 548 2745 non
572 2692 650 2744 deest
672 2691 714 2745 rei
732 2691 864 2760 publicae
882 2691 1032 2746 eonsilium
1054 2709 1145 2759 neque

128 2762 282 2902 Ξιὲἒοῖἑῧε
301 2762 386 2815 huius
405 2762 523 2817 ordinis:
543 2779 603 2829 nos,
626 2779 686 2831 nos,
706 2763 768 2816 dico
788 2765 893 2832 aperte,
913 2762 1041 2817 consules
1063 2762 1146 2817 desu-

219 2940 234 2993 1
256 2941 282 2994 d.
292 2959 323 3009 p.
338 2955 429 2993 mores
443 2941 507 2994 cdd.
581 2940 599 2994 5
619 2957 730 2995 seueros
744 2942 830 2996 immo
844 2958 974 2996 romanos
988 2943 1023 3008 P,
1037 2960 1085 2997 em.
1097 2944 1146 2996 Ba

129 3015 233 3082 (servos
250 3011 267 3066 i.
279 3011 419 3066 Romanos
434 3011 494 3080 Fl).
546 3013 571 3066 d.
584 3030 613 3080 p.
629 3013 756 3066 examine
776 3013 839 3068 add.
893 3015 954 3068 td.
969 3020 1033 3068 cote
1048 3030 1145 3081 quam-

129 3083 179 3136 diu
192 3084 257 3138 odd.
349 3081 366 3136 8
386 3082 494 3136 romani
508 3083 615 3138 nomini
629 3086 664 3150 P,
682 3102 730 3138 em.
743 3087 800 3151 Bu,
819 3085 946 3138 Romano
965 3085 1078 3138 nomine
1097 3085 1145 3139 Fu.

130 3155 166 3208 10
186 3154 254 3208 dum
272 3172 355 3224 quarn
374 3171 437 3207 cum
456 3156 632 3210 mavultHa.
696 3155 741 3209 dd.
757 3163 820 3210 arcte
839 3155 876 3209 12
896 3157 924 3210 et
942 3163 967 3210 et
986 3155 1024 3209 18
1044 3172 1061 3209 a
1079 3157 1144 3210 add.
1208 3209 1210 3212 .

130 3225 167 3279 16
187 3223 247 3292 Quo
266 3228 406 3294 quatenus
422 3227 455 3291 P,
474 3243 522 3280 em.
537 3227 584 3280 Fl.
696 3224 734 3279 24
754 3227 779 3280 d.
790 3245 820 3296 p.
836 3227 974 3282 incendiis
993 3226 1059 3281 odd.

129 3295 166 3350 25
185 3297 291 3367 Pergus
308 3298 385 3352 Ovid.
402 3299 516 3352 Metam.
533 3298 560 3351 V
571 3301 630 3352 386.
703 3298 800 3367 rapuit
818 3298 866 3352 St.

221 3405 234 3456 7
256 3405 403 3471 quamdiu:
427 3405 462 3469 of.
479 3405 530 3459 Mo
545 3409 586 3458 17.
680 3404 716 3457 ld
737 3407 887 3472 quatenus:
907 3406 941 3471 of.
958 3407 1010 3459 Mo
1029 3410 1071 3460 17.

131 3475 165 3528 11
188 3477 276 3530 Mart.
293 3479 319 3542 5,
333 3481 370 3531 24
388 3475 465 3529 brevi
484 3474 610 3530 oratione
629 3476 851 3544 perstrinximus,
874 3477 909 3542 cf.
924 3481 950 3542 5,
964 3481 1009 3542 28,
1030 3477 1081 3530 Mo
1100 3481 1143 3530 10,

129 3544 166 3599 22
185 3547 334 3601 temerario
349 3546 515 3616 cupiditatis
530 3547 641 3601 ardore:
655 3549 761 3602 sterilia
775 3565 809 3602 er
819 3549 942 3602 Mathesi
950 3549 1028 3616 apud
1039 3549 1089 3602 Mo
1097 3552 1143 3602 21.

129 3615 166 3672 24
185 3621 381 3686 praeposterus
401 3634 479 3674 amor
498 3619 539 3674 bis
557 3621 588 3672 io
608 3620 708 3686 Mota,
726 3637 750 3674 o.
767 3621 817 3674 Mo
834 3624 874 3673 18.

948 3707 982 3761 2*
