2698 4068
218 235 309 289 XVIII
620 235 825 290 PRAEFATIO

218 404 379 465 Bembinus
399 408 429 463 et
447 408 547 464 noster
565 405 783 464 Palatinus-
801 407 836 464 ut
853 409 1004 464 taceamus
1026 406 1062 464 de
1081 405 1229 466 codicibus
1318 416 1319 479 ᾖ

218 493 400 572 Vergilianis
443 497 472 552 et
507 493 682 553 Horatianis
723 513 813 570 supra
854 494 1027 554 memoratis
1062 526 1107 535 —
1143 497 1229 554 umca

218 583 353 659 exempla
393 583 537 659 praebent
576 583 647 642 talis
689 583 902 658 distinctionis,
949 585 1073 641 tertium
1115 583 1229 642 addidIt

217 673 251 732 R.
280 672 426 730 Kauer
461 673 493 729 in
529 673 779 730 commentatione
816 667 958 730 ‘Studien
994 692 1029 729 zu
1065 668 1226 732 Pacianus'

217 753 426 842 (Vindobonae
448 762 542 836 1902,
565 753 692 842 progr),
716 763 799 819 cuius
822 781 850 836 p.
872 762 956 819 2-5
981 760 1076 820 multa
1095 761 1229 836 exempla

218 850 351 909 exhibuit
380 850 589 925 distinctionis,
622 869 697 926 quae
730 850 761 907 in
790 849 915 909 Paciani
940 850 1040 910 codice
1070 850 1228 927 Reginensi

217 957 238 999 s.
267 939 294 996 X
326 931 372 1021 (et
408 939 475 998 aliis
513 939 644 999 eiusdem
680 938 843 1012 codicibus,
879 959 906 997 v.
941 959 969 1014 p.
999 931 1034 1019 6)
1070 939 1226 1000 iuvenitur.

217 1029 313 1098 Quam
332 1028 419 1088 facile
437 1029 538 1088 videre
556 1031 642 1104 potes
661 1028 787 1102 easdem,
806 1047 879 1103 quas
899 1047 989 1104 supra
1007 1029 1176 1102 statuimus
1199 1032 1229 1088 et

217 1117 365 1176 clausulas
389 1117 565 1194 disponendi
593 1120 622 1175 et
651 1117 855 1193 distinguendi
876 1116 957 1195 leges
980 1118 1078 1193 sequi,
1105 1120 1141 1176 ut
1167 1120 1228 1176 iam

215 1208 280 1282 ipse
303 1206 438 1265 Kauerus
466 1207 615 1282 professus
645 1209 692 1265 est
717 1207 785 1282 ph
815 1206 880 1265 adn.
907 1208 939 1264 2:
977 1201 1029 1265 ‘Es
1056 1206 1098 1265 ist
1125 1205 1227 1266 selbst-

215 1295 429 1370 verstdndli0h‚
471 1294 530 1354 dass
562 1295 641 1354 diese
673 1295 905 1370 InterpunktIon
942 1296 994 1354 der
1027 1299 1227 1373 sogenannten

216 1383 401 1462 Schreibung
426 1403 483 1457 per
515 1385 578 1444 cola
611 1389 635 1443 et
667 1389 810 1444 commata
841 1380 1026 1458 entspricht'
1082 1383 1159 1453 Quid
1192 1385 1226 1442 de

216 1475 330 1550 origine
357 1474 444 1532 huius
473 1473 607 1533 codicum
635 1474 703 1533 sX
730 1473 929 1532 distinctionis
960 1473 1151 1532 iudicandum
1179 1475 1226 1547 sil,

214 1562 294 1622 idem
320 1563 421 1622 Kauer
448 1563 467 1622 l.
491 1582 513 1622 c.
539 1584 568 1638 p.
594 1567 611 1622 6
644 1562 807 1622 rectissime
844 1564 974 1638 explicat
1004 1562 1084 1621 hisce
1116 1562 1226 1620 verbis:

215 1646 299 1709 ‘Wer
330 1651 409 1711 diese
431 1653 662 1727 Interpunktion
690 1655 789 1726 setzte,
817 1652 864 1710 die
887 1651 1014 1710 auidas
1043 1653 1145 1728 engste
1171 1650 1227 1706 mit

214 1740 267 1799 der
288 1740 512 1816 rhythmischen
530 1739 710 1818 Gliederung
733 1741 785 1798 der
807 1741 887 1799 Rode
909 1738 1081 1799 verbunden
1103 1739 1151 1812 isc,
1174 1737 1227 1795 der

213 1829 316 1889 musste
330 1829 380 1886 ffir
394 1830 473 1888 disse
487 1829 580 1888 volles
595 1828 791 1887 Verstandnis
805 1827 910 1900 haben,
929 1829 970 1885 sie
989 1825 1060 1885 muss
1080 1826 1228 1885 identisch

213 1918 276 1976 sein
298 1920 355 1977 mit
378 1918 429 1976 der
446 1917 678 1993 lnterpunktIon
705 1917 756 1975 des
769 1917 938 1976 Verfassers
962 1916 1063 1990 selbst,
1088 1916 1149 1973 und
1171 1917 1227 1974 wir

212 2007 331 2066 klinnen
353 2027 409 2065 nur
436 2012 574 2082 stennon,
604 2007 661 2065 mii
687 2006 814 2065 welcher
837 2006 932 2063 Treue
959 2004 1038 2063 diese
1066 2005 1108 2063 im
1131 2004 1225 2063 Lause

213 2097 265 2154 der
296 2095 516 2155 Jahrhunderte
548 2095 682 2155 erhalten
717 2090 838 2153 wurde.'
894 2093 953 2151 Vix
984 2094 1121 2168 dubium,
1153 2093 1226 2169 quin

212 2187 304 2244 etiam
325 2187 359 2244 in
385 2186 488 2244 multis
513 2185 579 2243 aliis
608 2185 758 2244 codicibus
787 2184 889 2242 eadem
917 2183 1070 2242 distinctio
1097 2185 1226 2242 inveniri

212 2276 316 2351 possit,
340 2275 498 2333 dummodo
521 2274 739 2350 perquirantur.

300 2363 425 2424 Accedit
453 2366 485 2422 in
513 2363 612 2422 codice
635 2362 814 2421 Firmiciano
845 2362 974 2420 altorum
1008 2364 1225 2437 argumentum,

212 2472 270 2529 quo
294 2472 363 2513 eum
386 2455 439 2530 qui
460 2455 576 2511 textum
594 2451 790 2528 distIngueret
812 2451 1012 2526 rhythmicam
1030 2450 1078 2510 vel
1098 2450 1224 2509 rhetori-

211 2561 277 2602 cam
304 2544 448 2602 orationis
476 2543 719 2617 compositionem
743 2543 773 2598 et
801 2539 981 2598 intellexisse
1006 2543 1036 2598 et
1062 2539 1225 2614 respexisse

210 2631 363 2707 probatur.
400 2631 549 2690 Maiorum
567 2630 645 2689 enim
659 2629 774 2705 periodi
793 2628 992 2687 membrorum
1006 2629 1095 2687 initia
1109 2647 1226 2704 semper

211 2720 272 2779 fere
295 2722 399 2780 littera
421 2719 585 2778 maiuscula
604 2717 817 2796 significantur.
852 2715 900 2774 Ad
918 2716 1130 2776 illustrandam
1147 2717 1225 2776 hanc

209 2811 369 2884 rationem,
406 2809 553 2885 slmulque
588 2812 625 2866 ut
661 2808 827 2881 exemplum
864 2806 950 2866 detur
989 2806 1073 2864 illius
1115 2806 1225 2865 codicis

210 2898 418 2971 distinctionis,
450 2901 548 2957 totum
576 2900 666 2973 eaput
693 2896 748 2954 XV
776 2898 913 2955 accurate
945 2896 993 2953 hic
1027 2895 1225 2954 exscribemus

209 2988 293 3047 nulla
315 3006 347 3045 re
366 2990 490 3060 mutata,
513 2987 572 3045 nisi
593 2985 874 3062 quodcompendia
898 2983 1093 3043 dissolvemus
1123 2983 1225 3042 omnia

209 3080 328 3153 praeter
350 3076 459 3154 siglum
481 3076 521 3150 ct,
549 3075 628 3150 quod
651 3093 711 3150 qua
740 3077 857 3133 ratione
879 3075 1010 3150 ponatur
1032 3074 1134 3131 statim
1158 3090 1225 3148 per·
1319 3083 1320 3090 ’

210 3185 325 3243 sprcrcs.

298 3254 429 3313 Palladii
452 3255 543 3312 etiam
566 3253 638 3328 quid
661 3254 702 3312 sit
723 3265 839 3310 numen·
869 3251 977 3310 audite.
1024 3249 1223 3309 Simulacrum

210 3349 254 3404 est
282 3344 431 3402 exossibus
459 3343 573 3419 pelopis
601 3342 727 3416 factum3
763 3342 828 3399 Hoc
856 3340 955 3398 auaris
983 3339 1088 3414 scytha
1117 3338 1224 3397 fecisse

208 3432 394 3509 perhibetur3
424 3431 490 3490 Iam
508 3432 597 3508 quale
621 3430 660 3489 sii
678 3430 785 3504 ΞΞΞ
807 3429 990 3488 considerate
1014 3427 1096 3512 quod
1117 3428 1225 3504 scytha

207 3520 351 3581 barbarus
374 3523 571 3596 consecrauit3
604 3521 696 3579 Estne
719 3518 834 3594 aliquid
853 3521 926 3594 aput
949 3516 1068 3593 scythes
1091 3513 1225 3575 humana

208 3612 324 3671 ratione
347 3611 541 3688 conposItum·
578 3611 619 3668 llt
641 3609 695 3666 illa
709 3607 798 3667 effera
816 3625 888 3685 gens
902 3607 1055 3666 hominum
1072 3605 1094 3662 di
1109 3606 1226 3665 crudeli
