2698 4068
189 187 253 244 VHI
590 187 796 242 PRAEFATIO

190 357 270 436 quod
292 358 419 416 dicimus
438 356 675 416 vindobonensis
699 375 776 416 anno
802 361 887 417 1867
911 357 1031 434 prodiit.
1064 357 1203 420 Halmius

189 450 224 506 ut
256 449 386 506 cetorum
418 445 532 506 strenui
563 445 709 524 philologi
740 444 828 506 laude
860 447 980 522 fruitur,
1011 449 1056 507 ita
1086 448 1118 506 in
1148 448 1203 508 hoo

190 537 311 614 quidem
341 535 485 612 scriptore
517 534 630 596 edendo
661 534 829 594 incredibili
860 536 921 595 fere
953 537 1142 616 neglegentia
1169 556 1204 598 ac

189 625 312 685 levitate
335 624 466 701 quadam
489 623 572 684 nullo
595 623 683 683 modo
706 625 873 684 excusanda
896 630 1049 704 grassatus
1073 631 1125 686 est.
1159 627 1203 686 llo

191 718 291 775 autem
309 713 437 774 maxime
454 713 668 789 vituperandus
687 716 741 787 cst,
761 712 839 788 quod
856 733 933 790 quae
951 715 989 774 ab
1007 715 1075 791 ipsa
1087 714 1205 774 librarii

189 821 280 862 manu
307 805 340 862 in
368 801 468 863 codice
496 801 607 879 scripta
630 804 737 877 essent,
760 821 836 879 quae
864 803 1063 880 evanuissent,
1086 824 1204 881 quasa

189 912 281 952 manu
307 894 470 952 recentiore
497 893 640 950 renovata
668 894 778 966 essent,
807 892 929 951 minime
960 895 1034 952 satis
1066 897 1204 953 accurate

190 981 385 1059 significarit,
413 979 549 1057 quamvis
581 981 649 1056 plus
677 980 768 1039 semel
795 981 979 1057 polliceatur.
1027 982 1085 1042 Sed
1113 985 1204 1042 etiam

190 1073 328 1148 gravime
348 1089 438 1146 quam
456 1068 595 1128 Halmius
617 1069 844 1145 reprehensione
867 1069 1063 1131 Lorenzius
1086 1071 1204 1149 dignus,

190 1160 297 1219 virdo
320 1158 428 1218 Plauto
459 1157 580 1235 quidem
606 1157 681 1217 bene
707 1158 840 1231 meritus,
862 1161 895 1218 in
917 1160 1079 1220 Firmioum
1103 1164 1204 1220 autem

191 1251 277 1326 gravi
304 1251 492 1324 peccatorum
522 1267 608 1307 onore
636 1247 800 1323 depressus.
838 1248 895 1318 Qui
924 1268 992 1308 cum
1016 1250 1134 1326 aliquot
1157 1243 1203 1309 co·¹

191 1337 265 1398 diois
288 1338 454 1414 scripturae
473 1356 491 1396 a
509 1337 656 1396 Bursieno
674 1355 734 1396 non
753 1336 825 1396 satis
844 1336 995 1414 dispectae
1014 1339 1205 1400 Wilmannsii

192 1446 283 1504 opera
314 1426 474 1504 pristinum
506 1425 693 1501 splendorem
725 1430 900 1486 consecutae
932 1431 1039 1504 essent
1068 1431 1204 1504 suscepto

191 1516 312 1594 negotio
335 1515 444 1576 codicis
466 1515 575 1574 iterum
599 1514 769 1575 conferendi
792 1534 868 1592 quae
895 1515 1022 1577 debebat
1049 1519 1122 1577 adeo
1145 1537 1205 1578 non

190 1605 352 1684 praestitit,
383 1607 418 1663 ut
447 1604 607 1681 pessimam
639 1604 771 1662 omnium
803 1623 865 1664 esse
898 1605 1012 1664 Halmii
1044 1606 1205 1666 editionem

190 1694 328 1754 Lorenzii
360 1693 519 1753 collatione
551 1693 680 1752 innisum
708 1693 884 1753 mitissimus
913 1696 1039 1770 quisque
1071 1695 1204 1754 iudicare

192 1783 305 1842 debeat.
359 1780 434 1841 (lum
466 1782 556 1841 multi
586 1781 682 1840 Flacii
714 1800 827 1840 errores
868 1801 928 1840 non
965 1786 1090 1843 correcti
1127 1787 1204 1858 sunt,

191 1875 258 1931 tum
279 1871 339 1931 loci
362 1865 495 1947 quidam,
518 1871 570 1945 qui
593 1870 625 1928 in
648 1869 798 1946 prioribus
821 1870 1000 1931 editionibus
1024 1892 1039 1931 e
1062 1874 1205 1932 Flauiano

193 1961 337 2038 expressis
355 1961 465 2020 rectius
483 1959 668 2039 legebantur,
687 1959 718 2016 in
731 1959 893 2020 Halmiana
912 1952 962 2042 (ut
979 1963 1012 2020 in
1025 1954 1205 2044 Bursianea)

191 2053 333 2111 miserum
359 2050 391 2108 in
418 2049 539 2109 modum
566 2048 724 2125 depravati
750 2051 833 2123 sunt,
861 2069 941 2124 cum,
965 2050 1072 2126 quibus
1099 2069 1205 2110 manus

191 2140 340 2200 recentior
366 2157 456 2215 puras
484 2137 670 2197 membranas
697 2137 821 2216 polluit,
849 2158 885 2198 ea
915 2139 1053 2216 genuinis
1084 2140 1206 2200 Fir-mici

192 2228 290 2290 verbis
309 2248 327 2288 a
345 2227 447 2287 Flacio
466 2246 501 2286 ex
519 2231 637 2305 integro
655 2228 755 2286 codice
774 2228 903 2287 excussis
926 2227 978 2288 isti
1000 2229 1205 2304 praetulerint.
1271 2260 1274 2266 ·

281 2317 443 2377 Halmiana
462 2336 552 2393 quam
570 2316 694 2394 indigna
711 2315 806 2375 bonae
826 2315 965 2376 editionis
983 2319 1102 2378 nomine
1121 2322 1206 2394 esset,

193 2426 246 2484 per
290 2407 417 2484 triginta
462 2424 555 2465 annos
600 2405 768 2483 philologos
808 2405 896 2484 fugit.
964 2406 1048 2466 Tunc
1088 2407 1206 2466 demum

192 2495 369 2576 Krollius,
410 2514 476 2554 cum
517 2513 578 2554 una
618 2514 687 2554 oum
725 2494 884 2554 Skutschio
919 2495 1042 2556 Firmici
1077 2497 1206 2556 Materni

192 2585 360 2644 Matheseos
383 2584 474 2644 libros
497 2602 648 2644 recensere
670 2584 824 2662 coepisset
846 2584 936 2645 nimis
959 2586 1150 2664 neglegenter
1168 2585 1206 2645 ab

192 2673 314 2733 Halmio
337 2675 417 2732 hunc
439 2677 553 2733 textum
575 2676 738 2732 tractatum
762 2691 824 2733 esse
847 2675 995 2734 intellexit
1019 2668 1110 2756 (Berl.
1134 2677 1206 2751 phil.

193 2763 344 2822 Wchschr.
377 2762 465 2822 XVII
488 2753 598 2843 1481).
654 2761 740 2830 Quod
768 2762 859 2839 paulo
891 2768 959 2839 post
991 2763 1206 2824 Skutschius

194 2854 376 2929 comparatis
406 2853 547 2927 exemplis
577 2851 822 2928 photographicis
852 2871 954 2912 earum
984 2852 1093 2913 codicis
1122 2853 1207 2929 pagi·

193 2961 300 3002 narum
332 2960 408 3017 quae
441 2941 635 3000 difficillimae
666 2944 737 3000 sunt
766 2941 859 3019 lectu,
891 2944 982 3000 etisun
1009 2943 1117 3001 clarius
1140 2959 1206 3016 per-

195 3033 293 3108 spexit
329 3033 359 3090 et
395 3030 431 3090 de
468 3049 502 3090 oo
540 3033 715 3108 argumento
751 3031 783 3088 in
819 3029 893 3090 Mus.
930 3029 1022 3089 Rhen.
1055 3031 1112 3089 vol.
1145 3025 1206 3104 LX,

194 3141 222 3197 p.
244 3121 305 3179 262
317 3138 381 3196 sqq.
404 3120 500 3179 fusius
519 3119 589 3197 egit.
626 3117 739 3178 Ibidem
759 3119 789 3176 et
807 3117 949 3178 adhibitis
971 3116 1114 3194 fontibus,
1133 3136 1207 3194 quos

193 3209 341 3268 Firmicus
365 3209 535 3285 descripsit,
567 3211 597 3268 et
626 3207 743 3267 collatis
773 3206 846 3265 locis
869 3206 1016 3266 similibus
1038 3207 1206 3267 Matheseos

195 3291 291 3379 (quod
322 3299 384 3356 iam
415 3297 547 3357 Krollius
570 3298 589 3356 l.
618 3316 642 3356 o.
675 3287 800 3376 fecerat)
833 3298 864 3354 et
895 3295 1058 3356 observatis
1090 3296 1206 3374 legibus

195 3387 347 3448 clausulae
379 3386 564 3463 rhythmicae
593 3390 641 3446 sat
669 3386 781 3444 multos
809 3385 889 3445 locos
913 3387 1046 3445 correxit.
1092 3384 1207 3446 Deinde

196 3475 354 3536 Skutschio
378 3479 497 3536 auctore
526 3493 580 3535 nos
611 3476 649 3535 ad
678 3476 804 3552 paginas
833 3475 901 3534 illas
931 3474 1040 3534 codicis
1070 3477 1131 3534 situ
1158 3475 1207 3534 vel

195 3564 316 3626 madore
338 3565 487 3625 confectas
514 3564 612 3624 denuo
634 3564 769 3642 adgressi
791 3565 853 3621 acri
874 3565 1104 3643 investigatione
1126 3563 1207 3623 haud
