2684 4062
286 183 333 238 DE
353 182 501 237 ERRORE
519 183 622 239 PROF.
637 183 717 237 REL.
738 182 813 238 CAP.
828 182 978 236 XII-XIII
1097 182 1138 246 31

125 357 181 412 tur.
229 352 375 412 Saturnus
402 371 457 429 pro
483 372 575 431 regno
602 353 711 412 timens
737 351 862 411 devorat
883 351 971 426 filios,
994 355 1024 411 et
1045 350 1140 410 filiurn

124 443 241 519 fugiens
268 444 301 501 in
323 441 415 501 Italia
442 443 589 519 fugitivus
615 441 814 501 absconditur.
862 439 907 500 Ob
931 460 1062 500 amorem
1086 439 1140 499 Oa-

124 533 226 591 tamiti
247 531 323 590 Iuno
348 533 507 607 spernitur,
531 534 560 590 et
584 531 622 590 ad
639 531 858 606 Endymionem
876 529 962 589 Luna
981 530 1141 603 descendit,

126 623 155 679 et
185 623 288 680 contra
318 620 504 680 uoluntatem
531 622 631 680 uxoris
656 622 691 680 et
717 619 809 679 filiae·
835 620 972 679 Troianis
996 620 1141 678 auxilium

98 711 222 770 stereus
244 711 357 770 invitus
379 709 517 786 Iuppiter
540 709 658 768 dormit.
696 707 894 787 Oilagitiosa
914 709 1076 769 confessiol
1115 706 1176 767 09

124 793 265 876 ae<er>bi
289 798 474 875 deflendique
497 801 595 858 casus!
630 797 654 858 O
679 798 770 857 durae
795 799 948 858 servitutis
971 797 1140 856 miseranda

122 887 273 947 condicio!
310 887 358 946 Ad
386 888 491 947 horum
519 889 632 947 cultum
657 887 784 947 deorum
812 890 929 948 sanctos
952 887 1086 946 homines
1110 889 1141 945 et

6 1010 13 1024 ,
124 977 179 1036 deo
202 977 311 1037 devota
329 981 427 1037 mente
447 977 611 1036 credentes·
636 978 815 1054 sacrilegum
832 979 1029 1052 tyrannorum
1046 975 1141 1035 traxit

123 1067 293 1141 imparium,
326 1069 356 1124 et
388 1069 422 1124 ut
453 1066 523 1125 huic
554 1067 683 1126 facinori
714 1065 797 1124 aliud
828 1063 944 1124 facinus
973 1064 1140 1139 adderetur,

84 1177 110 1215 ro
123 1173 203 1214 mors
227 1158 273 1214 est
295 1155 413 1214 decreta
436 1155 613 1215 nolentibus.
659 1154 707 1212 Ad
729 1155 881 1213 theatrum
904 1155 1004 1229 potius
1026 1155 1141 1230 templa

123 1244 293 1317 transferte,
320 1242 357 1302 ut
384 1244 416 1301 in
443 1245 557 1303 scaenis
585 1244 765 1320 religionum
792 1243 918 1302 istarum
943 1245 1057 1301 secreta
1078 1246 1139 1301 tra-

125 1323 243 1406 dantur,
274 1336 304 1391 et
335 1335 370 1391 ut
401 1332 476 1390 nihil
508 1333 732 1407 praetermittat
761 1331 948 1407 improbitas
979 1332 1140 1391 histriones

123 1422 214 1480 facite
244 1420 420 1481 sacerdotes.
466 1421 553 1479 Alter
585 1421 703 1497 dignior
734 1420 817 1479 locus
849 1420 1045 1498 religionibus
1072 1420 1140 1480 istis

123 1510 253 1570 inveniri
275 1528 335 1571 non
358 1511 477 1585 poterit.
518 1508 587 1569 Illic
609 1528 725 1568 amores
748 1509 870 1569 deorum
888 1509 957 1568 vilis
979 1509 1069 1568 turba
1092 1509 1139 1568 de-

85 1620 110 1660 re
125 1602 233 1667 cantet,
257 1599 320 1659 illic
350 1617 435 1659 casus
471 1602 641 1674 mortesque
670 1593 868 1677 <salte>ntun
914 1597 981 1657 Illic
1018 1597 1141 1657 deorum

5 1693 6 1698 ’
124 1689 266 1764 exemplis
289 1688 327 1748 ab
350 1689 476 1764 impuris
499 1693 529 1748 et
551 1689 725 1746 facinerosis
753 1687 905 1765 magistris
928 1687 1034 1746 melius
1058 1706 1140 1746 mens

123 1778 253 1854 perdita·
278 1782 307 1837 et
331 1777 512 1837 adulterium
534 1778 659 1836 docetur
681 1780 713 1835 et
734 1777 858 1836 facinus.

213 1866 295 1926 ΧΙΠ.
329 1867 442 1928 Discite
466 1868 557 1926 etiam
575 1865 974 1944 saomsanntiimperatores
999 1885 1139 1925 veneran-

124 1955 194 2015 dum
217 1956 417 2018 Alexandriae
447 1976 558 2014 numen
586 1955 664 2015 unde
694 1957 823 2031 sumpsit
852 1955 1015 2029 exordium,
1046 1956 1081 2014 ut
1110 1958 1141 2014 et

84 2068 110 2107 so
124 2045 212 2104 huius
244 2047 347 2121 inepta
379 2046 545 2124 stagilitate
578 2046 707 2104 detecta·
744 2045 784 2103 ad
816 2046 954 2104 veritatis
987 2044 1140 2104 exordium
1166 2047 1167 2050 ’

123 2133 337 2194 mediocritatis
365 2141 485 2194 nostrae
514 2153 609 2194 sermo
637 2137 800 2194 revocetur.
848 2133 923 2192 Oum
945 2133 977 2191 in
998 2133 1139 2211 Aegypto
1153 2145 1202 2194 (⁹⁵)

214 2357 230 2410 l
249 2373 300 2426 pro
320 2374 370 2411 om.
381 2374 427 2425 pr
505 2355 659 2427 binvitns]
679 2355 814 2424 deceptus
828 2374 874 2423 pr
952 2356 1089 2409 bacssui
1104 2357 1138 2422 P,

123 2376 298 2481 miserabiles
312 2445 357 2496 pr.
449 2427 541 2511 casus]
566 2426 658 2481 cultus
672 2445 718 2495 pr.
810 2425 972 2480 iconditio
991 2444 1034 2498 rr„
1058 2433 1138 2496 atquc

124 2499 195 2553 idem
217 2500 343 2553 Ιιαὸιιίιεε
366 2500 395 2553 P
413 2500 509 2554 votens
530 2501 684 2566 scripturae
706 2498 821 2568 vestigia
843 2499 968 2567 quomms
993 2499 1138 2553 obsecrata

124 2570 227 2635 docem,
249 2572 306 2624 nesi
324 2571 397 2652 quod
415 2570 593 2637 eprcebebot
610 2587 665 2638 pro
682 2571 696 2623 t
713 2576 745 2624 ut
766 2586 869 2638 semper
888 2572 924 2635 (v.
940 2569 1040 2624 locos
1028 2587 1060 2623 m
1078 2570 1136 2624 iud

123 2642 256 2710 conatos).
333 2640 451 2695 istorum
464 2640 638 2710 proborum
651 2659 697 2710 pr.
789 2641 852 2694 Sd.
863 2658 894 2709 p.
909 2641 1055 2694 credentes
1074 2641 1139 2694 add.

124 2747 170 2801 {l
161 2747 283 2816 rmperifi
300 2755 462 2803 renovatum
480 2765 499 2803 c
517 2766 547 2819 rr,
630 2747 696 2801 12
687 2765 726 2802 un
752 2747 816 2800 btas
835 2749 863 2801 P
945 2746 982 2801 15
1002 2746 1141 2800 saltantur

124 2820 182 2886 Hc,
196 2822 352 2874 reseratur
366 2821 399 2886 P,
414 2789 562 2873 saltatores
581 2838 623 2890 ιη.
698 2818 713 2873 1
759 2817 894 2886 exemplis
913 2819 958 2885 St,
987 2817 1112 2902 exsplis·
1114 2820 1142 2872 P

124 2893 156 2958 (ι’.
171 2908 192 2945 e.
208 2890 336 2960 exeplis),
355 2890 470 2974 templis
488 2891 555 2946 vel
547 2908 577 2943 ιιι
595 2861 709 2961 iemplis
724 2909 769 2959 pr.
851 2889 970 2959 impuris
989 2890 1052 2957 P,'
1044 2889 1139 2958 impiis

123 2981 152 3034 π,
176 2969 201 3018 et
214 2981 261 3032 pr.
346 2961 511 3016 facinerosis
530 2964 565 3028 P,
583 2961 748 3016 facinorosis
767 2980 809 3032 π,
896 2961 997 3015 melius
1016 2977 1095 3014 mens
1114 2963 1142 3015 P

123 3041 147 3089 et
165 3053 207 3106 a„
281 3033 318 3088 19
337 3036 371 3089 ut
389 3033 530 3088 communi
549 3035 645 3088 nostra
658 3051 704 3102 pr
777 3001 813 3087 21
836 3032 1041 3087 mediocritatis
1061 3034 1088 3087 P
1108 3039 1140 3087 at

123 3105 160 3161 Sl
178 3105 337 3174 condonat,
355 3104 538 3160 mortalitatis
551 3123 598 3174 pr

213 3282 231 3336 6
252 3285 341 3339 Matb
353 3283 495 3339 LXXII
505 3286 587 3338 1111
603 3283 760 3337 acerbum
774 3281 873 3337 mortis
888 3282 1005 3336 exitium
1020 3280 1140 3335 flebili

124 3353 286 3410 calamitate
307 3354 439 3410 decernit.
459 3356 492 3422 cf.
509 3357 576 3410 ΕΜ
587 3358 652 3410 285.
726 3355 761 3407 15
780 3355 885 3409 Araob.
901 3355 952 3408 IV
966 3357 1001 3407 35
1020 3352 1140 3406 saltatur

123 3425 258 3482 Venus..
270 3426 419 3482 Saltatur
437 3427 466 3480 et
484 3425 588 3495 Magna
660 3425 750 3479 Mater
883 3423 920 3478 lt
939 3427 973 3491 cs.
989 3425 1028 3480 ad
1040 3427 1138 3491 25,10.

125 3497 162 3552 18
183 3469 273 3553 Mutis.
289 3498 414 3552 LVIIIr
423 3499 492 3553 126
510 3496 661 3551 venerandi
679 3495 801 3550 numinis
820 3495 992 3567 magisteriis
1006 3467 1139 3549 imbritus.

126 3568 162 3622 lt
180 3569 214 3636 cf.
230 3569 268 3622 ad
286 3572 334 3635 28,
343 3573 389 3625 23
444 3569 479 3635 cf.
489 3569 582 3637 praes.
592 3585 624 3636 p.
639 3568 820 3623 XXXVIII.
