2684 4062
246 229 294 282 DE
312 227 461 283 ERRORE
480 227 583 283 PROF.
598 228 678 283 ΗΕΒ.
697 228 774 283 ΟΑΡ.
789 228 991 284 nnn-xxm
1075 230 1118 294 59

102 399 255 456 diffusa
291 399 345 457 est
386 397 507 474 grstia
547 399 581 456 in
624 397 735 457 lobiis
777 399 859 458 tuis.
919 397 1189 473 Proptereauzu

101 487 289 548 benedixit
310 490 347 545 in
371 489 565 546 aeternum.
611 487 810 564 Accingere
833 477 995 564 gladium
1017 489 1118 547 tuum

102 579 198 636 circo
230 577 346 635 femur
376 579 639 652 potentissime.
690 575 816 651 Specie
847 579 882 634 et
913 577 1117 652 pulchritu-

102 666 183 724 dine
206 668 268 723 tun
290 666 449 740 intende,
468 685 638 742 prospere
657 665 809 740 procede
828 667 865 723 et
882 684 993 742 regna
1011 684 1117 740 prop-

75 757 158 816 stor
189 757 363 813 virtutem
395 758 430 814 et
461 754 772 814 mansuetudinem
800 757 834 812 et
860 755 1059 828 iustitiam,
1083 757 1118 814 et

103 843 254 902 deducet
285 847 320 903 te
351 843 577 903 mirabiliter
613 843 774 903 dextera
810 846 886 901 tus.
934 844 1117 920 Sagittae

103 935 231 992 acutae
267 934 534 1009 potentissime,
566 932 694 1010 populi
724 933 832 990 infra
863 935 901 990 te
934 933 1118 992 decident

101 1022 137 1079 in
169 1021 273 1081 corde
308 1024 535 1081 inimicorum
572 1024 676 1099 regis.
723 1021 824 1080 Sedis
861 1024 923 1081 tus
960 1023 1044 1081 deus
1081 1024 1117 1080 in

101 1112 283 1171 saeculum
307 1111 456 1184 saeculi,
480 1113 583 1188 virgo
605 1115 705 1170 recta
729 1113 782 1170 est
803 1111 907 1187 virgo
929 1112 1031 1190 regni
1053 1113 1116 1170 tui.

61 1224 87 1262 ιο
101 1199 277 1258 Dilexisti
300 1199 483 1259 iustitiam
507 1201 621 1260 odisti
647 1200 896 1275 iniquitatem,
923 1204 1118 1276 propterea

101 1291 225 1348 uncxit
248 1292 283 1346 te
306 1288 391 1348 dous
414 1292 497 1347 tuus
522 1290 636 1348 oleum
659 1289 831 1348 loetitiae
850 1307 868 1346 a
887 1289 1117 1348 consortibus

101 1380 183 1436 tuis.
229 1377 349 1453 Myrrn
373 1381 407 1436 et
429 1380 535 1455 gutta
557 1380 592 1437 et
615 1379 733 1438 cassis
757 1397 775 1437 c
797 1376 1020 1436 vestimentis
1043 1379 1117 1439 tuis

101 1467 142 1524 de
174 1465 361 1525 aedificiis
394 1467 561 1526 eburneis
591 1487 631 1525 ex
663 1467 792 1541 quibus
819 1472 854 1525 te
886 1467 1115 1526 iocunditate

102 1551 334 1614 adfecerunt?
370 1555 542 1614 Inmortslis
566 1557 712 1632 unguenti
734 1557 848 1615 secrete
871 1556 1063 1631 pervidimus,
1088 1559 1117 1614 et
1136 1565 1152 1612 3

59 1645 220 1708 rodininse
244 1645 330 1704 nobis
353 1645 558 1720 dispositionis
582 1645 654 1704 ordo
682 1647 865 1703 monstratus
891 1648 944 1704 est.
981 1645 1117 1722 Regnum

101 1737 278 1810 perpetuum
302 1738 332 1793 et
350 1734 427 1793 caeli
450 1733 586 1792 diadema
610 1734 729 1792 domino
753 1737 855 1792 nostro
879 1751 946 1793 oum
969 1736 1116 1812 unguenti

100 1825 257 1883 maiestate
290 1824 441 1882 conlatum
475 1825 527 1882 est.
575 1824 648 1892 Quis
681 1826 780 1881 autem
801 1818 805 1901 t
825 1822 874 1880 hio
910 1823 962 1899 qui
994 1823 1117 1900 regendi
1125 1833 1167 1881 sol·
1177 1826 1222 1870 ²³⁰

100 1913 179 1972 orbis
203 1912 319 1987 accepit
341 1915 531 1989 potestatem,
555 1913 607 1987 qui
630 1913 793 1972 venerandi
811 1911 940 1971 nominis
958 1913 1117 1972 maiestate

99 2001 266 2075 decoratur,
294 2003 376 2060 aliud
404 2001 489 2060 uobis
517 2004 666 2060 monstret
694 2002 857 2060 oraculum.
904 2001 957 2060 Ait
984 2002 1063 2060 enim
1090 2001 1117 2061 is

58 2091 179 2152 cuidem
202 2090 314 2150 David:
340 2086 397 2150 ‘Ut
421 2090 506 2166 quid
529 2091 754 2150 fremuerunt
776 2094 901 2167 gentes
928 2094 962 2149 et
991 2092 1118 2167 populi

100 2181 270 2239 meditati
301 2183 384 2240 sunt
412 2178 563 2238 inania?
603 2179 840 2238 Adstiterunt
867 2198 970 2256 reges
997 2184 1117 2239 terrae

100 2272 135 2328 ot
158 2269 344 2346 principes
372 2271 617 2328 convenerunt
646 2270 683 2326 in
715 2288 821 2327 unum
854 2268 1024 2328 adversus
1057 2269 1116 2328 dc-

100 2359 234 2417 minum
267 2363 300 2417 et
333 2360 505 2417 adversus
538 2356 720 2417 Christum
758 2353 853 2415 eius’
901 2355 980 2425 Quid
1012 2361 1042 2416 te
1075 2360 1118 2417 sic

190 2544 227 2600 20
248 2548 293 2601 Ps.
307 2551 335 2612 2,
346 2552 408 2615 loq.

190 2687 207 2740 2
222 2688 277 2741 tibi
291 2687 359 2742 deus
375 2688 439 2742 add.
450 2689 498 2742 Bu
507 2694 572 2755 post
585 2686 739 2754 benedixit,
748 2689 837 2743 solum
849 2687 903 2741 tibi
918 2689 960 2742 Fl
973 2688 1005 2741 cl.
1015 2689 1117 2743 LXX:

100 2756 249 2828 εὐλόγησέν
268 2777 297 2814 σε
317 2758 332 2813 ὁ
350 2758 427 2821 θεός.
484 2760 510 2814 d.
521 2777 552 2826 p.
568 2761 714 2812 oeternum
732 2759 797 2813 odd.
871 2758 1116 2828 Spotentissime3

74 2835 78 2850 ¹
100 2830 201 2901 Specie
216 2834 244 2886 P
258 2838 284 2885 et
301 2831 361 2885 edd.
377 2837 441 2885 aute
456 2831 506 2884 Hc
524 2831 574 2898 qui
612 2831 786 2885 otentissime
801 2846 875 2899 spec.
891 2832 921 2883 ct
934 2829 1042 2899 pulchr.
1057 2833 1116 2886 tus.

99 2905 132 2957 cl.
149 2903 251 2958 LXX:
269 2902 372 2957 δυνατὲ
391 2909 424 2973 τῇ
444 2848 610 2970 beatitud)
609 2917 659 2956 σου
674 2909 720 2956 etc.
759 2901 777 2955 4
797 2903 823 2956 d.
837 2918 865 2968 p.
880 2901 995 2955 intende
1015 2902 1079 2956 add.

99 2990 204 3044 regns·
220 2973 337 3042 Propter
351 2977 383 3028 P.
458 2973 475 3028 5
495 2974 643 3026 veritatem
658 2974 708 3027 Wo
722 2980 747 3027 et
761 2975 817 3039 Bu,
831 2979 863 3026 ut
876 2974 975 3027 babent
991 2973 1079 3028 LXX
1092 2980 1117 3028 et

101 3045 182 3116 prr.
198 3046 343 3100 testim.II
352 3049 397 3100 29.
453 3045 681 3098 mansuetudine·
697 3043 720 3097 dt
734 3044 844 3098 iustitid
859 3043 882 3097 b
897 3047 929 3099 P.
986 3043 1116 3114 oSagit-

100 3119 148 3170 tue
167 3117 277 3188 (tuce)
292 3119 341 3172 Bu
355 3117 406 3171 Ηα
424 3134 458 3170 ecc
476 3117 572 3170 LXX.
652 3116 666 3169 7
687 3117 714 3169 d.
724 3134 754 3184 p.
770 3116 966 3184 potentissime
984 3116 1048 3170 add.

99 3187 175 3242 intra
191 3189 224 3253 P,
243 3187 317 3242 infru
336 3190 384 3242 Bo
398 3189 448 3242 Ha
467 3204 500 3241 ex
519 3187 614 3242 LXX.
685 3186 803 3241 Stertia
821 3187 831 3241 i
850 3188 922 3242 vocis
940 3187 1118 3241 inimicorum

99 3277 167 3314 corr.
184 3277 217 3314 σω
236 3276 251 3312 o
270 3279 289 3315 o
309 3263 341 3315 P.
396 3259 481 3313 Sedes
496 3277 542 3327 pr,
562 3266 591 3312 ct
609 3259 644 3325 of.
664 3259 702 3312 ad
720 3262 766 3325 22,
776 3263 820 3312 12.
871 3258 957 3327 ἀώρ.
973 3258 992 3311 9
1011 3258 1117 3312 saeculi

99 3337 126 3385 et
145 3329 182 3383 10
205 3331 386 3400 iniquitatem
406 3332 471 3386 cdd.
555 3328 592 3382 13
616 3329 793 3383 iucunditate
812 3330 864 3385 edd
886 3337 999 3398 praeter
1013 3330 1068 3396 Bu,
1088 3337 1118 3384 at

99 3404 135 3470 οῖ’.
150 3405 194 3467 45,
205 3407 230 3456 5.
300 3401 338 3457 14
357 3403 383 3456 d.
399 3408 462 3458 arcte
482 3403 511 3455 et
530 3402 594 3456 add.
664 3401 700 3455 17
720 3402 842 3473 regende
862 3401 895 3454 P.
963 3400 1000 3454 21
1020 3401 1118 3455 innuis

99 3473 281 3527 Adstiterunt
300 3476 332 3528 P.

191 3615 228 3670 15
247 3617 282 3683 ef.
298 3617 336 3670 au
355 3619 450 3682 57,13.
526 3614 564 3669 1s
582 3616 616 3682 cf.
633 3621 659 3683 c,
670 3619 695 3670 5.
