2698 4068
213 201 255 266 28
557 201 695 256 elamor
712 201 881 255 MATERNI

212 371 244 428 in
276 373 363 429 tauro
394 373 490 447 rapit·
510 371 589 430 ludit
616 371 647 429 in
680 373 797 448 satyro,
825 372 856 428 et
887 374 922 430 ut
948 371 1080 430 liberalis
1112 371 1145 428 in
1176 369 1229 428 fla-

213 458 296 538 gitiis
330 477 392 518 esse
423 464 606 535 consuescat,
640 459 719 534 quod
751 459 897 518 inclusam
929 461 1044 538 regiam
1081 459 1229 535 virginem

213 567 287 608 auro
310 548 435 626 largiter
457 549 566 608 fluente
586 550 759 623 corruperit.
790 547 955 608 Puerorum
974 548 1084 625 aliquis
1103 547 1230 606 delecta·

211 640 262 696 tur
292 637 490 713 amplexibus:
519 636 720 714 Ganymedem
748 637 780 695 iu
803 638 871 697 sinu
893 637 974 697 Iovis
997 640 1131 715 quaerat,
1155 636 1230 694 Her·

213 727 307 785 culem
331 727 432 785 videat
459 726 570 801 Hylam
598 726 758 802 inpatienti
787 745 887 787 amore
916 730 1117 803 quaerentem,
1147 725 1229 801 Hya·
1258 744 1272 784 a

212 815 306 874 cinthi
339 815 484 874 desiderio
522 818 642 892 captum
678 815 850 891 Apollinem
888 816 991 892 discat,
1030 814 1231 890 Chrysippum

213 904 305 962 alius·
322 904 399 963 alius
422 904 562 980 Pelopem
585 904 698 979 videat,
726 909 761 964 ut
787 925 841 981 per
868 905 937 964 deos
961 918 1045 965 suos·
1060 903 1118 964 sibi
1139 903 1229 962 licere

213 993 294 1052 dicat
322 993 460 1070 quicquit
487 993 574 1052 hodie
607 992 792 1054 severissime
820 993 962 1053 Romanis
990 992 1108 1072 legibus
1133 991 1230 1052 vindi-

177 1086 305 1147 acatur.
351 1081 509 1142 Adulteria
547 1101 648 1142 eorum
681 1083 781 1142 omnia
818 1102 990 1142 enumerare
1023 1081 1145 1142 difficile
1176 1084 1230 1156 est,

213 1173 279 1247 quis
315 1171 520 1247 Amymonen·
544 1172 610 1248 quis
647 1171 781 1247 Alopen·
819 1173 885 1247 quis
926 1171 1133 1248 Menalippen·
1163 1170 1229 1246 quis
1245 1190 1274 1228 ro

213 1259 345 1320 Chionen
377 1260 629 1336 Hippothcenque
661 1261 835 1336 corruperit.
881 1260 996 1337 Nempe
1028 1260 1099 1319 deus
1132 1263 1231 1319 vester

212 1349 285 1408 haec
317 1349 421 1408 fecisse
454 1353 643 1408 memoretur.
688 1349 744 1409 llle
776 1369 864 1425 quem
894 1351 1000 1409 volunt
1027 1351 1137 1410 severis
1165 1368 1231 1408 ora·

213 1439 287 1497 culis
307 1437 471 1498 errantium
489 1438 642 1497 hominum
661 1441 785 1514 peccata
803 1438 959 1517 corrigere,
974 1438 1118 1514 Steropen
1136 1441 1230 1497 amat'

212 1527 393 1602 Aethyssam
416 1529 513 1602 rapit·
529 1529 702 1604 Zeuxippen
725 1531 860 1603 stuprat·
877 1529 996 1603 quaerit
1019 1528 1177 1601 Prothoen,
1200 1531 1231 1585 et

213 1615 359 1675 Arsinoae
383 1616 520 1675 adultera
543 1617 708 1692 cupiditate
731 1616 892 1678 blanditur.
940 1615 998 1675 Sed
1021 1637 1056 1676 ex
1079 1619 1137 1676 istc
1166 1635 1228 1675 cor·
1244 1633 1272 1675 io

212 1708 367 1780 raptarum
391 1705 550 1766 mulierum
573 1725 663 1785 grege
685 1725 745 1765 una
768 1706 870 1781 puella
897 1710 1062 1765 amatorem
1089 1706 1176 1764 deum
1200 1708 1231 1764 et

101 1806 195 1859 fam
213 1792 325 1854 vitavit
347 1796 378 1852 et
399 1793 486 1854 vicit:
514 1794 632 1854 Dafnen
655 1795 793 1854 divinans
817 1786 917 1875 deuel
936 1798 966 1853 et
988 1795 1091 1853 futura
1114 1794 1231 1870 praedi·

176 1894 193 1942 4
213 1896 298 1943 cens·
318 1902 372 1941 nec
394 1883 528 1942 invenire
552 1886 652 1960 potuit
674 1902 728 1942 nec
751 1886 896 1958 stuprare.
933 1884 1092 1943 Muliebria
1114 1885 1233 1958 patitur

189 1965 192 2008 ¹
213 1972 323 2047 aliquis
348 1976 377 2030 ct
401 1973 570 2032 effeminato
594 1975 711 2048 corpori
734 1973 881 2031 solacium
901 1974 1033 2048 quaerit:
1056 1972 1158 2032 videat
1180 1971 1231 2030 Li.-

212 2061 315 2119 berum
339 2063 467 2120 amatori
489 2081 542 2121 suo
565 2066 635 2136 post
656 2064 784 2120 mortem
802 2062 893 2120 etiam
913 2064 1076 2138 promissae
1094 2056 1229 2120 libidinis
1244 2078 1274 2117 so

107 2171 108 2176 ¹
189 2201 192 2230 ,
213 2150 363 2225 praemia·
381 2151 551 2209 imitatione
574 2150 717 2228 flagitiosi
740 2150 837 2210 coitus
859 2154 1075 2225 repensantem.
1123 2149 1154 2209 Si
1178 2151 1230 2226 qui

211 2242 399 2299 monstruoso
429 2239 603 2314 cupiditatis
626 2239 746 2298 ardore·
771 2241 803 2296 in
826 2242 968 2314 paternae
992 2241 1071 2299 necis
1096 2241 1230 2298 armatur

213 2328 344 2404 exitium,
368 2348 386 2387 a
409 2328 479 2388 Iove
503 2331 603 2388 sumat
621 2329 782 2388 exordium.
820 2325 878 2396 Qui
896 2329 1062 2387 fraternum
1081 2328 1229 2387 desiderat

212 2419 395 2495 sangumem,
424 2416 629 2493 Corybantum
656 2420 790 2494 sequitur
817 2417 998 2492 institutum,
1027 2421 1057 2476 et
1082 2420 1229 2477 incestum

302 2533 339 2587 23
357 2534 555 2588 Gerra.Arat.1
566 2533 610 2586 Ab
620 2534 684 2587 Iove
693 2533 865 2603 principium
874 2550 977 2602 magno
988 2534 1106 2588 deduxit
1116 2534 1237 2586 Aratus:

303 2657 320 2710 2
340 2660 365 2712 d.
376 2677 407 2726 p.
427 2661 592 2712 consuescat
610 2659 674 2711 add.
730 2657 747 2710 8
767 2617 857 2726 aliqui
876 2660 908 2712 P.
965 2658 983 2712 b
1002 2657 1111 2712 uideat·
1131 2657 1229 2726 hylam

212 2727 799 2864 narrataeausteraque-¹1³
817 2731 851 2784 P
866 2800 910 2854 a
933 2728 962 2854 l
981 2729 1229 2854 “ltlttalltl

196 2816 281 2938 'guid
295 2817 394 2924 ebione
408 2843 598 2940 ippothoenqs
613 2874 648 2938 P,
662 2888 709 2925 am.
721 2818 881 2940 partimque
892 2819 951 2927 lilio.
976 2819 994 2870 q
1017 2870 1054 2925 14
1072 2819 1227 2925 Aethdildm

207 2959 246 3010 pr
263 2959 324 2996 cum
340 2943 398 3008 We,
417 2943 572 2997 Firmicam
590 2944 759 3013 corripeates.
811 2943 948 3012 zeuxippe
963 2976 996 2983 —
1010 2943 1109 3016 ptboc.
1129 2942 1166 2996 Et
1185 2960 1227 2996 ar-

212 3012 290 3066 sinoe
310 3015 343 3080 P,
362 3031 410 3068 em.
425 3015 468 3068 Fl
482 3015 575 3069 etWo.
654 3014 690 3067 17
710 3014 781 3068 uicit
800 3013 885 3068 dafnei
904 3017 936 3068 P.
1015 3015 1060 3068 dd.
1071 3033 1100 3083 p.
1117 3014 1185 3068 deus
1204 3021 1229 3068 et

211 3083 377 3152 praedicens
396 3086 460 3139 add.
550 3084 586 3138 18
605 3086 733 3154 strupare
752 3085 942 3152 P(cf.1s,1.
967 3087 1095 3154 Wolfflia
1109 3086 1226 3153 Arcas.

212 3156 280 3209 Lex.
296 3155 344 3208 IV
355 3158 395 3224 1).
467 3154 502 3208 21
525 3157 551 3210 d.
561 3174 592 3225 p.
606 3157 733 3224 praemia
751 3157 816 3210 add.
890 3156 927 3210 22
946 3159 1102 3210 mostruoso
1123 3159 1155 3211 P.

212 3225 250 3280 28
269 3225 423 3280 desiderat
444 3228 581 3297 sangnine
600 3226 755 3295 corybanta
775 3229 806 3281 P.
889 3226 927 3282 24
947 3232 1080 3297 sequatur
1098 3229 1156 3282 edd.
1173 3245 1228 3282 cm·
1332 3291 1333 3296 ἵ

210 3315 258 3351 aas
275 3299 431 3370 rhythmum
449 3300 565 3354 delentes
584 3301 657 3368 (aab
661 3324 769 3352 υυυυυ
769 3300 778 3368 l
781 3341 786 3352 .

301 3385 430 3443 emata.
444 3391 540 3455 23³,7
563 3387 612 3457 qui
635 3387 749 3441 incestis
773 3385 949 3441 delectentur
971 3387 1155 3458 amplexibus.

211 3458 228 3512 5
248 3459 282 3526 cf.
298 3459 337 3512 ad
356 3464 418 3526 8,1.
520 3459 554 3512 17
576 3461 610 3526 cf.
626 3460 663 3514 ad
682 3464 725 3525 11,
736 3463 761 3512 3.
867 3457 904 3511 le
924 3457 1084 3514 effeminato
1104 3459 1228 3528 corpori:

211 3530 246 3597 cs.
262 3529 541 3585 MataaXXFlI
555 3535 601 3586 26.
631 3528 875 3585 LXX1X⁰11u
986 3529 1023 3583 23
1042 3531 1183 3598 cs.31,19
1204 3536 1230 3585 et

211 3602 303 3655 Mate.
321 3606 419 3669 76,13:
438 3601 474 3655 ab
493 3602 647 3671 horoscopo
667 3617 777 3670 semper
795 3600 882 3654 sumit
901 3601 1054 3655 exordium.
