2684 4062
196 169 239 233 56
544 169 683 226 amutal
699 168 867 226 Murram

197 340 372 398 ornamenta
399 339 522 415 quaeris-
546 339 576 397 et
603 335 750 417 gloriam?
792 337 910 398 Cornua
937 338 1014 397 nihil
1044 337 1127 397 aliud
1156 337 1215 398 nisi

197 427 399 486 venerandum
427 428 546 504 signum
573 429 669 487 erucis
696 429 872 488 monstrant.
918 427 1017 486 Huius
1045 427 1123 504 signi
1153 445 1219 486 uno

198 519 317 576 extenso
346 535 381 575 ac
405 507 521 575 ¹directo
550 534 642 575 cornu
669 516 799 582 mundus
826 519 1027 577 sustentatur·
1042 519 1123 574 terra
1146 535 1214 576 con-

93 614 186 663 rurar
199 607 368 684 stringitur,
392 608 422 664 et
445 625 460 666 s
479 605 605 664 duorum
626 601 630 684 t
651 624 727 680 quae
745 623 799 682 per
818 606 899 665 latus
917 605 1031 666 vadunt
1050 607 1215 682 conpagine

198 696 295 754 orions
313 695 458 771 tangitur,
472 695 608 754 occidens
623 694 809 769 sublevatur,
821 698 855 753 ut
867 691 891 774 †
905 696 946 754 sio
960 697 1043 754 totus
1062 693 1142 752 orbis
1160 695 1214 752 tri·
1246 714 1258 754 s

127 797 183 846 (111)
198 785 311 859 pertita
330 783 494 842 stabilitate
512 783 647 842 firmatus
671 783 779 844 confixi
797 785 894 859 operis
912 784 1091 844 immortalis
1104 783 1215 842 radicis

198 872 393 930 fundamenta
420 875 586 931 teneantur.
633 872 698 932 Hoc
725 877 874 933 secretum.
897 872 983 933 nobis
1013 871 1218 931 venerandum

197 962 361 1039 prophetae
384 962 538 1020 oraculum
560 961 696 1022 tradidit.
728 961 905 1022 Invenimus
923 963 1002 1020 enim
1025 963 1060 1020 in
1075 961 1217 1022 Abbacuo

198 1051 243 1108 ita
266 1067 328 1110 esse
355 1052 566 1126 perscriptum:
605 1045 721 1108 ‘'lexit
758 1051 876 1110 caelos
914 1052 1031 1110 virtus
1069 1053 1144 1109 eius
1182 1053 1218 1108 et

198 1138 304 1207 laude
337 1141 413 1199 eius
445 1139 552 1215 plena
584 1144 638 1198 ast
669 1141 782 1214 terra,
809 1144 844 1199 et
872 1139 1043 1214 splendor
1070 1141 1147 1198 eius
1176 1140 1261 1200 ntro

197 1228 261 1286 lux
289 1229 367 1288 erit.
415 1226 555 1287 Cornua
581 1230 619 1287 in
647 1228 812 1288 manibus
836 1231 912 1288 eius
935 1233 1053 1302 erunt,
1076 1231 1111 1287 et
1133 1228 1217 1286 illic

200 1316 440 1376 constabilita
463 1321 517 1377 est
540 1319 659 1377 uirtus
682 1318 824 1396 gloriae
848 1318 924 1376 eius
952 1320 986 1377 et
1014 1317 1218 1377 constituet

199 1405 432 1466 dilectionem
461 1425 566 1466 suam.
613 1406 687 1466 Ibit
714 1407 857 1467 verbum
887 1410 921 1465 et
947 1407 1141 1484 praecedet
1163 1425 1217 1466 se·

164 1495 352 1554 beandum
384 1514 527 1574 gressus
558 1491 660 1556 suos'
706 1496 753 1554 En
781 1496 950 1556 ueneranda
978 1497 1074 1555 crucis
1097 1513 1217 1569 comum

200 1604 236 1644 en
260 1587 380 1644 sanctae
404 1586 528 1645 virtutis
551 1585 710 1644 inmortale
732 1586 897 1662 fastigium,
922 1603 959 1643 en
977 1585 1100 1663 gloriosi
1119 1585 1261 1660 operiam

199 1673 302 1734 divina
330 1693 473 1750 conpago.
520 1675 565 1732 Tu
590 1673 706 1733 Christe
728 1674 871 1733 mundum
900 1692 934 1733 ac
956 1677 1067 1733 terram
1090 1675 1218 1732 extensis

200 1762 347 1837 manibus,
369 1767 404 1822 tu
428 1763 554 1824 caeleste
573 1766 722 1822 sustemas
740 1765 908 1838 imperium,
929 1764 990 1822 tuis
1008 1761 1218 1822 inmortalibus

201 1851 343 1910 adhaeret
370 1852 503 1911 humeris
530 1852 610 1912 salue
637 1855 753 1926 nostra,¹
771 1855 808 1910 tu
830 1852 949 1911 domiue
977 1855 1114 1910 aeternae
1137 1853 1219 1911 vitae

200 1939 318 1999 baiulas
346 1941 475 2018 signum,
502 1942 537 1998 tu
559 1941 727 2000 venerando
750 1941 895 2001 instinctu
918 1940 974 2000 hcc
997 1941 1082 2000 nobis
1107 1941 1217 1999 denun-

199 2030 258 2088 tias
282 2049 335 2105 per
357 2030 526 2105 prophetas.
572 2029 626 2088 Ait
648 2031 728 2089 enim
751 2030 871 2089 Esaias:
898 2024 998 2090 ‘Ecce
1027 2032 1133 2090 natus
1163 2033 1262 2090 osteo

200 2117 302 2178 vobis
333 2118 454 2192 filius,
485 2120 676 2194 imperium
713 2138 820 2196 super
855 2120 1019 2178 humeros
1057 2121 1147 2192 eius,
1184 2122 1219 2177 et

200 2209 366 2267 vocatum
408 2211 460 2266 est
502 2227 628 2267 nomen
670 2207 745 2268 eius
786 2227 935 2286 magnae
977 2207 1219 2285 cogitationis

165 2291 372 2356 enuntias?
422 2296 505 2356 Haec
536 2300 606 2356 sunt
638 2297 733 2356 crucis
766 2316 884 2372 cornua,
917 2297 1024 2373 quibus
1057 2297 1156 2356 omnia
1189 2299 1219 2355 et

290 2431 404 2486 snas.
420 2436 446 2498 3,
461 2435 541 2485 a-e.
615 2431 653 2486 eo
671 2433 726 2486 Jes.
742 2436 806 2498 ae.

290 2555 309 2608 3
329 2557 470 2609 sustentat
485 2558 517 2623 P,
532 2573 579 2609 em.
596 2557 644 2610 Fr.
689 2555 719 2609 '5
734 2556 823 2610 sic-
841 2556 855 2609 7
871 2556 1032 2610 teneantur:
1051 2563 1221 2610 structuram

201 2629 296 2682 misere
323 2628 464 2681 turbatam
494 2635 564 2682 certo
592 2629 701 2682 restitut
721 2644 800 2696 posse
825 2629 1015 2696 desperamrrs;
1046 2627 1221 2682 tentabamus

201 2697 289 2752 totius
315 2715 369 2766 pro
393 2701 470 2752 totus
493 2705 518 2753 et
540 2699 666 2751 firmata·
685 2715 740 2767 pro
763 2699 899 2766 firmatus,
924 2717 990 2752 aare
1013 2700 1115 2753 similes
1132 2705 1220 2754 struc-

201 2776 280 2824 tcrce
303 2769 479 2824 creberrimae
502 2770 578 2838 apae
601 2771 757 2824 Firmr'crrm
779 2771 851 2825 relat
878 2774 976 2838 31,19.
1004 2775 1077 2836 42,8
1105 2771 1150 2838 (cf.
1170 2785 1221 2824 ao-

201 2845 280 2900 tam).
302 2845 401 2907 60,23.
423 2841 513 2895 Mart.
526 2845 569 2906 15,
582 2846 622 2894 10.
683 2841 906 2895 immortalitatis
920 2857 972 2910 pro
985 2839 1153 2895 immortalis
1168 2842 1219 2896 Fr
1258 2892 1259 2898 ,

201 2915 234 2966 ut
325 2911 430 2980 operis,
457 2911 743 2967 immortalitatis
766 2914 824 2968 Wo.
853 2913 950 2966 teneat
970 2915 1032 2968 Mer.
1065 2915 1098 2967 ut
1116 2913 1157 2967 sic

201 2982 426 3037 immortalitatis
444 2983 548 3036 radicis
567 2981 751 3038 fflndamento
770 2986 900 3038 teneatur
917 2983 960 3038 Oe.
985 2983 1158 3038 sublevatur:
1179 2983 1221 3038 sic

201 3056 279 3108 totus
352 3055 479 3107 firmatur
498 3072 561 3108 cum
580 3055 628 3108 fixi
647 3056 739 3124 operis
758 3054 980 3109 immortalitatis
999 3055 1142 3110 radicibus
1157 3054 1220 3108 fun·

203 3126 336 3179 <lamenta
354 3127 505 3180 teneantur
523 3126 579 3181 Ber.
598 3129 631 3179 ut
649 3127 687 3180 sit
706 3130 779 3193 (erem
794 3128 937 3196 prioribus
951 3127 1127 3196 quibusdam)
1143 3128 1221 3180 totus

266 3196 390 3250 firmatus
420 3196 576 3266 confixique
605 3198 696 3266 operis
725 3197 929 3251 immortalibus
952 3197 1096 3252 radicibus
1119 3197 1221 3250 funda-

201 3269 299 3322 menta
323 3271 473 3323 teneantur
495 3270 554 3336 Ha,
581 3286 652 3337 quae
676 3271 832 3324 coniectura
858 3271 895 3323 its
922 3271 1069 3336 refutatur,
1097 3287 1166 3338 quae
1189 3271 1222 3323 tre

198 3341 290 3408 praef.
309 3339 330 3410 §
349 3344 365 3394 5
385 3341 417 3394 de
435 3341 532 3394 cocula
550 3357 604 3407 que
623 3341 809 3395 dr'sserur'mrrs.
828 3340 938 3394 radices
957 3343 986 3395 et
1005 3341 1083 3394 fund.
1099 3340 1146 3406 ss,
1165 3357 1222 3410 qua

203 3413 360 3465 contectura
378 3428 439 3466 cum
458 3419 552 3467 nostra
571 3414 719 3467 coniuncto
736 3412 887 3466 tolerabilis
904 3428 999 3466 seusus
1020 3413 1147 3479 effiettrrr.

204 3480 241 3535 12
262 3482 410 3538 constituit
428 3483 477 3536 Bu
486 3482 545 3537 Ha.
637 3482 675 3537 14
692 3483 867 3537 venerandae
887 3483 932 3537 St.
1020 3483 1055 3538 21
1076 3482 1158 3536 nobis
1177 3483 1222 3537 Fr

203 3560 228 3607 et
247 3553 306 3607 edd.
322 3569 420 3608 omres.
494 3553 554 3608 filit
574 3556 606 3610 P.
687 3553 724 3609 23
743 3555 770 3610 d.
780 3572 814 3624 p..
826 3571 930 3609 cornua
949 3554 1014 3610 cdd.
