2698 4068
350 859 651 966 eousruorus
682 893 881 966 afflatur.

108 1154 286 1208 Praefatio
340 1197 926 1209 ..............
970 1156 1043 1225 p.V

145 1249 203 1308 §1-
232 1243 274 1296 De
293 1244 465 1297 editionibus
484 1247 513 1297 ct
532 1244 633 1298 studiis
653 1245 830 1298 Firmioianis
875 1287 880 1297 .
920 1287 925 1298 .
978 1244 1043 1311 „V

233 1331 274 1385 De
302 1332 473 1388 editionibus
493 1365 526 1372 -
546 1333 587 1387 De
611 1334 796 1387 recentiorum
825 1334 926 1387 studiis

269 1421 382 1476 criticis.

145 1515 204 1574 Η.
233 1509 342 1564 Codicis
362 1514 494 1565 accurata
513 1511 667 1579 descriptio
697 1553 994 1580 ........
1017 1511 1056 1564 IX

233 1598 274 1652 Dc
293 1599 422 1654 Palatino
443 1603 471 1653 at
488 1599 629 1653 Mindensi
647 1631 681 1638 -
699 1599 741 1653 Do
761 1600 926 1654 correcturis

234 1721 267 1728 —
287 1687 520 1759 orthographica.

144 1783 202 1842 §a
231 1777 273 1831 Do
296 1778 401 1832 codicis
425 1777 607 1832 distinctione
631 1794 664 1832 ac
683 1779 718 1832 de
737 1777 928 1832 clausularum

234 1866 419 1936 dispositione
474 1909 993 1934 .............
1017 1865 1080 1921 XIV

144 1962 202 2021 54.
231 1956 273 2011 De
291 1959 388 2010 nostra
406 1957 600 2027 distinguendi
618 1957 728 2011 ratione
783 1999 991 2024 ......
1015 1957 1080 2011 XXI

143 2052 201 2110 §d
231 2045 271 2099 Dc
290 2046 423 2100 clausulis
443 2046 621 2100 Firmicianis
653 2088 995 2113 .........
1019 2046 1109 2099 XXIII

232 2135 274 2190 De
289 2135 477 2190 clausularum
491 2135 588 2189 formis
603 2167 636 2176 —
651 2134 821 2190 Prosodiaca
836 2168 870 2175 -
885 2136 926 2189 De

233 2224 422 2278 clausularum
442 2224 653 2279 efficiendarum
672 2223 811 2278 artificiis.

144 2319 158 2378 ξ
179 2319 202 2368 6.
231 2313 273 2367 De
291 2315 370 2368 novis
384 2313 553 2368 lectionibus
568 2314 659 2383 deque
673 2313 742 2368 locis
757 2314 926 2383 quibusdam

234 2401 396 2456 difficilibus
425 2403 603 2472 quaestiones
632 2401 748 2456 criticae
777 2404 805 2456 st
828 2418 927 2471 exege-

233 2491 306 2544 ticae
340 2533 992 2558 ................
1017 2492 1116 2546 XXXI»

144 2584 203 2644 §a
232 2578 273 2633 De
287 2583 387 2634 nostra
406 2581 508 2634 edendi
527 2584 556 2634 at
573 2581 737 2635 recensendi
755 2581 865 2636 ratione
918 2625 923 2633 .
977 2624 992 2649 „
1016 2581 1104 2635 XLIV

109 2667 234 2722 Toxlus
250 2711 993 2737 ..................
1018 2676 1105 2725 1-83

107 2755 244 2810 Indices
297 2799 993 2826 .................
1000 2763 1123 2814 84-120

107 2847 273 2900 Addenda
292 2849 325 2900 et
344 2847 548 2914 corrigenda
607 2888 993 2915 .........
1072 2854 1124 2902 120
