2698 4068
211 200 258 264 26
553 198 691 254 emulor
709 197 878 254 Mannum

207 369 353 428 iuvenem.
400 367 433 428 Si
456 368 528 429 deus
551 371 616 428 erat
638 367 752 428 Adonis
779 387 833 427 cur
854 368 958 428 rivalis
981 367 1106 428 insidias
1130 368 1223 428 nesci·

114 473 191 530 (sna
210 456 304 517 ebat?
334 457 365 516 si
384 458 472 516 homo
492 476 629 517 curcum
648 458 798 534 superiore
817 455 973 516 certabat?
1006 457 1112 518 Sedet
1131 458 1224 516 alium

175 595 178 600 .
209 547 298 607 audio
322 565 389 605 cum
412 546 526 606 Venere
550 547 706 624 coniugale
731 547 869 606 habuisse
892 547 1090 606 consortium:
1113 545 1224 605 Vulca-

208 655 264 694 nus
287 635 345 695 nisi
366 636 457 696 fallor
484 636 521 694 ab
548 636 595 696 his
618 635 740 694 deorum
763 635 926 695 cultoribus
950 637 1077 695 maritus
1100 635 1223 695 Veneris

208 744 272 785 esse
294 724 474 801 perhibetur.
518 723 542 784 Ο
566 743 711 785 vanorum
734 725 888 784 hominum
910 724 1035 784 ridenda
1056 725 1223 801 persuasio!
1251 745 1263 784 e

206 813 291 872 lnter
313 813 387 872 duos
410 816 534 874 maritos
558 814 677 872 adulter
699 813 831 889 positus·
851 815 889 873 ab
912 834 971 873 uuo
995 815 1129 890 capitur·
1150 814 1224 873 alte-

208 922 274 962 rum
302 905 404 962 vincit.
451 901 509 961 Sed
536 902 604 963 vide
631 907 667 961 nt
694 902 812 961 adulter
834 903 906 962 deus
928 905 1071 964 maritum
1093 903 1225 963 vinceret

208 992 286 1068 quod
307 991 364 1050 sibi
383 1010 489 1068 corpus
509 992 614 1070 elegitl
642 992 751 1052 Porcus
772 1010 834 1051 esse
853 992 962 1051 maluit
980 995 1033 1068 qui
1051 994 1077 1050 si
1095 991 1224 1051 habebat

206 1080 345 1140 mutandi
367 1083 500 1158 corporis
523 1083 712 1158 potestatem,
735 1081 831 1140 leonis
853 1081 956 1140 debuit
977 1082 1079 1157 potius
1097 1081 1224 1157 speciem

106 1185 145 1232 [01-
156 1171 394 1246 rooformumque
417 1171 575 1247 suscipere.
592 1162 595 1251 l
614 1169 671 1228 Sed
689 1170 805 1229 leonem
824 1169 926 1229 dicunt
948 1172 1001 1246 qui
1018 1173 1141 1229 naturas
1162 1172 1223 1228 ani·
1239 1191 1264 1228 ro

208 1258 337 1318 mulium¹
361 1262 479 1334 norunt,
506 1261 539 1318 in
566 1259 621 1318 illa
648 1258 774 1337 agrestis
802 1259 895 1318 animi
918 1259 1038 1318 feritate
1062 1258 1224 1334 pudicitiae

208 1366 325 1408 servare
357 1349 516 1407 uirtutem:
557 1347 664 1408 merito
697 1348 734 1408 ab
772 1348 908 1408 adultero
944 1347 1038 1408 leonis
1075 1349 1225 1423 spernitur

174 1438 313 1511 aforma,
337 1440 368 1496 et
390 1437 543 1498 libidinosi
566 1437 705 1496 animalis
729 1437 859 1515 eligitur.
905 1436 964 1496 Hic
985 1436 1047 1495 iam
1074 1437 1224 1513 evangeli-

207 1545 258 1586 cae
278 1526 449 1586 traditionis
472 1530 585 1586 secreta
608 1530 778 1586 tractemus.
822 1527 927 1585 Eiecto
950 1527 1107 1586 daemonio
1131 1525 1224 1585 domi-

207 1633 262 1674 uus
290 1633 446 1690 porcorum
474 1635 594 1694 gregem
622 1615 723 1690 donat,
751 1634 805 1675 nec
832 1617 980 1690 inmerito,
1009 1617 1042 1673 ut
1066 1633 1134 1674 cum
1156 1615 1223 1674 libi·
1238 1637 1263 1675 1⁵

207 1704 319 1764 dinosis
336 1705 515 1764 animalibus
534 1724 587 1780 per
606 1705 681 1763 dura
698 1706 880 1781 praecipitia
896 1704 1062 1780 fluctusque
1081 1703 1223 1764 iactatus·

206 1813 259 1870 per
282 1796 392 1853 mortes
416 1813 572 1869 porcorum
597 1795 696 1852 varias
719 1793 811 1871 digna
833 1812 903 1852 nece
922 1795 1082 1852 inmundus
1102 1793 1224 1869 spiritus

206 1887 386 1958 carperetur.

295 1971 330 2030 X.
363 1971 462 2030 Audio
487 1971 629 2047 Cinyram
653 1970 798 2048 Cyprium
821 1971 968 2046 templum
996 1973 1108 2030 amicae
1133 1990 1222 2030 mere·

206 2060 275 2119 trici
299 2060 426 2120 donasse
444 2092 488 2101 —
508 2061 534 2118 ei
558 2063 622 2120 crat
645 2061 748 2120 Venus
771 2079 878 2119 nomen
900 2091 950 2133 -‚
972 2059 1108 2119 initiasse
1132 2062 1223 2119 etiam
1239 2081 1267 2120 ao

207 2148 334 2225 Cypriae
358 2150 468 2208 Veneri
496 2151 640 2225 plurimos
669 2153 699 2208 et
722 2151 808 2210 vanis
834 2149 1105 2209 consecrationibus
1133 2149 1223 2225 depu-

206 2242 295 2313 tasse,
319 2240 459 2298 statuisse
483 2241 575 2298 etiam
597 2244 633 2298 ut
655 2239 836 2315 quicumque
858 2237 975 2297 initiari
997 2238 1088 2298 vellet
1111 2241 1223 2298 secreto

206 2328 331 2387 Veneris
360 2328 418 2386 sibi
445 2328 567 2402 nauco,
596 2347 691 2387 assem
719 2348 811 2386 unum
837 2327 980 2386 mercedis
1008 2329 1128 2386 nomine
1151 2327 1222 2386 deae

207 2417 300 2476 daret.
346 2415 433 2486 Quod
458 2419 604 2477 secretum
632 2417 722 2493 quale
748 2419 788 2477 sit
817 2434 917 2476 omnes
940 2418 1028 2475 taciti
1050 2416 1222 2494 intellegere

207 2506 354 2583 debemus,
371 2506 443 2582 quia
461 2507 517 2566 hoc
534 2509 633 2582 ipsum
652 2508 775 2582 propter
792 2504 1009 2581 turpitudinem
1032 2505 1222 2564 manifestius
1239 2526 1265 2565 es

207 2595 355 2672 explicare
378 2615 436 2655 non
460 2614 624 2671 possumus.
661 2596 740 2654 Bone
765 2599 881 2654 ametor
900 2593 1025 2670 Cinyras
1047 2596 1223 2653 meretriciis

207 2684 321 2762 legibus
345 2685 451 2744 servit:
474 2687 663 2744 consecratae
683 2685 793 2743 Veneri
816 2702 835 2741 a
857 2683 1059 2743 sacerdotibus
1086 2684 1146 2742 suis
1169 2685 1222 2742 sti·

206 2792 274 2849 pem
298 2773 363 2832 dari
385 2774 475 2833 iussit
496 2778 531 2832 ut
554 2775 660 2834 scorto.

295 2978 313 3031 8
333 2978 434 3033 maluit
448 2978 496 3046 qui
511 2980 574 3033 teuc
591 2977 635 3045 Oc,
649 2977 763 3043 maluit;
784 2977 838 3042 Qui
852 2981 880 3033 P
895 2985 920 3032 et
938 2985 984 3034 cet.
1000 2978 1059 3033 cdd.
1111 2978 1148 3032 10
1168 2977 1223 3032 Sed

207 3049 317 3122 (quia)
337 3050 381 3104 Sb.
437 3049 521 3103 leonii
540 3051 573 3103 P.
661 3048 698 3103 18
718 3050 743 3103 d.
755 3067 784 3120 p.
800 3050 890 3103 forma
909 3050 973 3104 odd.
1047 3049 1058 3102 i
1072 3057 1136 3119 post
1153 3051 1173 3102 d
1191 3051 1223 3102 iu

206 3138 267 3176 uoce
285 3120 432 3174 libidinosi
451 3137 518 3175 corr.
534 3123 563 3176 P
574 3139 607 3176 ccc
622 3122 648 3174 d.
731 3120 768 3175 15
788 3137 874 3189 grege
893 3121 992 3176 donat·
1012 3120 1071 3174 Nec
1090 3120 1222 3174 inmerito

207 3194 240 3246 ut
258 3193 291 3246 P.
361 3192 398 3245 23
417 3191 523 3246 trudito
539 3209 600 3246 asse
614 3197 702 3246 munii
717 3194 751 3260 P,
769 3210 817 3247 cm.
834 3194 884 3246 Wo
899 3200 924 3247 et
937 3192 1059 3263 Scaliger
1073 3193 1150 3261 apud
1163 3193 1221 3247 Wo.

208 3263 243 3316 27
267 3263 366 3318 aemiit
385 3264 501 3330 BuHc,
528 3264 575 3318 sed
601 3265 764 3332 responderet
791 3266 863 3319 iuter
889 3281 916 3318 se
944 3265 1084 3318 clausulae
1111 3263 1222 3333 legibus

208 3335 337 3390 servitui
355 3333 437 3388 iussit
455 3337 488 3388 ut
506 3336 605 3389 scorto.

297 3513 315 3566 5
335 3528 395 3568 esse
409 3512 588 3582 perhibetur:
601 3514 635 3580 cf.
653 3515 742 3568 Motu.
760 3512 827 3568 017ν
838 3516 911 3568 139.
968 3513 1005 3568 la
1020 3515 1055 3580 cf.
1070 3515 1108 3568 od
1122 3517 1223 3579 23‚23.

207 3583 245 3638 at
264 3584 441 3637 manifestius
461 3584 615 3652 explicare:
633 3587 669 3652 cf.
685 3589 783 3651 cestr.
813 3587 902 3641 Mam.
917 3589 1000 3652 88,4.
1021 3589 1086 3653 171,
1095 3589 1121 3639 2.
