<?xml version="1.0" encoding="UTF-8"?>
<!DOCTYPE html PUBLIC "-//W3C//DTD XHTML 1.0 Transitional//EN"
    "http://www.w3.org/TR/xhtml1/DTD/xhtml1-transitional.dtd">
<html xmlns="http://www.w3.org/1999/xhtml" xml:lang="en" lang="en">
 <head>
  <title>
</title>
<meta http-equiv="Content-Type" content="text/html;charset=utf-8" />
  <meta name='ocr-system' content='tesseract 3.04.00' />
  <meta name='ocr-capabilities' content='ocr_page ocr_carea ocr_par ocr_line ocrx_word'/>
</head>
<body>
  <div class='ocr_page' id='page_1' title='image "./iulifirmicimate01zieggoog_0045.png"; bbox 0 0 2698 4068; ppageno 0'>
   <div class='ocr_carea' id='block_1_1' title="bbox 226 241 834 298">
    <p class='ocr_par' dir='ltr' id='par_1_1' title="bbox 226 241 834 298">
     <span class='ocr_line' id='line_1_1' title="bbox 226 241 834 298; baseline -0.003 0"><span class='ocrx_word' id='word_1_1' title='bbox 226 243 367 298; x_wconf 85' lang='lat' dir='ltr'>XXXVIII</span> <span class='ocrx_word' id='word_1_2' title='bbox 630 241 834 297; x_wconf 77' lang='lat' dir='ltr'>PRAEFATIO</span> 
     </span>
    </p>
   </div>
   <div class='ocr_carea' id='block_1_2' title="bbox 224 411 1331 3690">
    <p class='ocr_par' dir='ltr' id='par_1_2' title="bbox 228 411 1243 577">
     <span class='ocr_line' id='line_1_2' title="bbox 228 411 1243 534; baseline -0.001 -63"><span class='ocrx_word' id='word_1_3' title='bbox 228 413 316 473; x_wconf 91' lang='lat' dir='ltr'><strong>modo</strong></span> <span class='ocrx_word' id='word_1_4' title='bbox 330 412 481 488; x_wconf 84' lang='lat' dir='ltr'><strong>ist(ormn)</strong></span> <span class='ocrx_word' id='word_1_5' title='bbox 500 413 598 490; x_wconf 83' lang='lat' dir='ltr'><strong>legere</strong></span> <span class='ocrx_word' id='word_1_6' title='bbox 616 413 730 488; x_wconf 80' lang='lat' dir='ltr'><strong>priores</strong></span> <span class='ocrx_word' id='word_1_7' title='bbox 748 411 859 470; x_wconf 90' lang='lat' dir='ltr'><strong>ibit</strong></span> <span class='ocrx_word' id='word_1_8' title='bbox 804 429 844 487; x_wconf 89' lang='lat' dir='ltr'><strong>po</strong></span> <span class='ocrx_word' id='word_1_9' title='bbox 845 411 967 486; x_wconf 79' lang='lat' dir='ltr'><strong>tuerInt,</strong></span> <span class='ocrx_word' id='word_1_10' title='bbox 985 412 1037 471; x_wconf 90' lang='lat' dir='ltr'><strong>ubi</strong></span> <span class='ocrx_word' id='word_1_11' title='bbox 1055 431 1092 470; x_wconf 90' lang='lat' dir='ltr'><strong>ne</strong></span> <span class='ocrx_word' id='word_1_12' title='bbox 1111 412 1243 534; x_wconf 85' lang='lat' dir='ltr'><strong>spatium</strong></span> 
     </span>
     <span class='ocr_line' id='line_1_3' title="bbox 228 500 774 577; baseline -0.002 -18"><span class='ocrx_word' id='word_1_13' title='bbox 228 501 348 577; x_wconf 90' lang='lat' dir='ltr'><strong>quidem</strong></span> <span class='ocrx_word' id='word_1_14' title='bbox 371 503 473 562; x_wconf 84' lang='lat' dir='ltr'><strong>trium</strong></span> <span class='ocrx_word' id='word_1_15' title='bbox 486 501 655 560; x_wconf 87' lang='lat' dir='ltr'><strong>litterarum</strong></span> <span class='ocrx_word' id='word_1_16' title='bbox 677 500 774 560; x_wconf 88' lang='lat' dir='ltr'><strong>datur.</strong></span> 
     </span>
    </p>

    <p class='ocr_par' dir='ltr' id='par_1_3' title="bbox 224 588 1331 3690">
     <span class='ocr_line' id='line_1_4' title="bbox 316 588 1243 666; baseline -0.003 -17"><span class='ocrx_word' id='word_1_17' title='bbox 316 589 431 666; x_wconf 77' lang='lat' dir='ltr'><strong>Capitis</strong></span> <span class='ocrx_word' id='word_1_18' title='bbox 463 589 538 648; x_wconf 89' lang='lat' dir='ltr'>XIII</span> <span class='ocrx_word' id='word_1_19' title='bbox 569 589 723 650; x_wconf 83' lang='lat' dir='ltr'><strong>exordium</strong></span> <span class='ocrx_word' id='word_1_20' title='bbox 754 588 827 647; x_wconf 91' lang='lat' dir='ltr'><strong>olim</strong></span> <span class='ocrx_word' id='word_1_21' title='bbox 858 589 878 648; x_wconf 88' lang='lat'><strong>1.</strong></span> <span class='ocrx_word' id='word_1_22' title='bbox 902 606 925 647; x_wconf 94' lang='lat' dir='ltr'><strong>c.</strong></span> <span class='ocrx_word' id='word_1_23' title='bbox 955 608 983 665; x_wconf 93' lang='lat' dir='ltr'><strong>p.</strong></span> <span class='ocrx_word' id='word_1_24' title='bbox 1008 590 1126 664; x_wconf 77' lang='lat' dir='ltr'><strong>286sq.</strong></span> <span class='ocrx_word' id='word_1_25' title='bbox 1157 589 1243 647; x_wconf 89' lang='lat' dir='ltr'><strong>resti-</strong></span> 
     </span>
     <span class='ocr_line' id='line_1_5' title="bbox 228 676 1243 754; baseline -0.001 -17"><span class='ocrx_word' id='word_1_26' title='bbox 228 681 342 738; x_wconf 90' lang='lat' dir='ltr'><strong>tuimus</strong></span> <span class='ocrx_word' id='word_1_27' title='bbox 379 681 409 738; x_wconf 92' lang='lat' dir='ltr'><strong>et</strong></span> <span class='ocrx_word' id='word_1_28' title='bbox 445 681 635 754; x_wconf 89' lang='lat' dir='ltr'><strong>interpretati</strong></span> <span class='ocrx_word' id='word_1_29' title='bbox 683 696 791 738; x_wconf 87' lang='lat' dir='ltr'><strong>sumus.</strong></span> <span class='ocrx_word' id='word_1_30' title='bbox 834 677 941 737; x_wconf 86' lang='lat' dir='ltr'><strong>Haec</strong></span> <span class='ocrx_word' id='word_1_31' title='bbox 984 695 1064 737; x_wconf 89' lang='lat' dir='ltr'><strong>nunc</strong></span> <span class='ocrx_word' id='word_1_32' title='bbox 1099 676 1243 737; x_wconf 78' lang='lat' dir='ltr'><strong>habemas</strong></span> 
     </span>
     <span class='ocr_line' id='line_1_6' title="bbox 228 765 1244 844; baseline -0.002 -18"><span class='ocrx_word' id='word_1_33' title='bbox 228 768 371 827; x_wconf 86' lang='lat' dir='ltr'><strong>addenda.</strong></span> <span class='ocrx_word' id='word_1_34' title='bbox 409 767 469 827; x_wconf 90' lang='lat' dir='ltr'><strong>Ubi</strong></span> <span class='ocrx_word' id='word_1_35' title='bbox 492 769 565 828; x_wconf 91' lang='lat' dir='ltr'><strong>olim</strong></span> <span class='ocrx_word' id='word_1_36' title='bbox 588 770 720 844; x_wconf 82' lang='lat' dir='ltr'><strong>priorum</strong></span> <span class='ocrx_word' id='word_1_37' title='bbox 744 767 891 826; x_wconf 88' lang='lat' dir='ltr'><strong>editorum</strong></span> <span class='ocrx_word' id='word_1_38' title='bbox 915 769 1094 827; x_wconf 71' lang='lat' dir='ltr'><strong>auctoritaie</strong></span> <span class='ocrx_word' id='word_1_39' title='bbox 1116 765 1244 826; x_wconf 81' lang='lat' dir='ltr'><strong>nimium</strong></span> 
     </span>
     <span class='ocr_line' id='line_1_7' title="bbox 224 857 1243 936; baseline -0.002 -20"><span class='ocrx_word' id='word_1_40' title='bbox 224 857 328 917; x_wconf 88' lang='lat' dir='ltr'><strong>confisi</strong></span> <span class='ocrx_word' id='word_1_41' title='bbox 347 858 534 916; x_wconf 66' lang='lat' dir='ltr'><strong>mortalitatis</strong></span> <span class='ocrx_word' id='word_1_42' title='bbox 552 857 732 936; x_wconf 79' lang='lat' dir='ltr'>legebamus,</span> <span class='ocrx_word' id='word_1_43' title='bbox 756 874 835 915; x_wconf 94' lang='lat' dir='ltr'><strong>nunc</strong></span> <span class='ocrx_word' id='word_1_44' title='bbox 853 857 1060 916; x_wconf 67' lang='lat' dir='ltr'><strong>mediocritatis</strong></span> <span class='ocrx_word' id='word_1_45' title='bbox 1074 873 1136 915; x_wconf 88' lang='lat' dir='ltr'><strong>esse</strong></span> <span class='ocrx_word' id='word_1_46' title='bbox 1150 857 1243 932; x_wconf 90' lang='lat' dir='ltr'><strong>scrip·</strong></span> 
     </span>
     <span class='ocr_line' id='line_1_8' title="bbox 225 944 1244 1022; baseline -0.003 -17"><span class='ocrx_word' id='word_1_47' title='bbox 225 948 290 1005; x_wconf 90' lang='lat' dir='ltr'><strong>tum</strong></span> <span class='ocrx_word' id='word_1_48' title='bbox 322 946 518 1022; x_wconf 78' lang='lat' dir='ltr'><strong>pervidimus,</strong></span> <span class='ocrx_word' id='word_1_49' title='bbox 550 947 585 1004; x_wconf 93' lang='lat' dir='ltr'><strong>ut</strong></span> <span class='ocrx_word' id='word_1_50' title='bbox 616 947 678 1004; x_wconf 89' lang='lat' dir='ltr'><strong>iam</strong></span> <span class='ocrx_word' id='word_1_51' title='bbox 710 945 824 1020; x_wconf 83' lang='lat' dir='ltr'><strong>pridem</strong></span> <span class='ocrx_word' id='word_1_52' title='bbox 859 944 1033 1004; x_wconf 80' lang='lat' dir='ltr'><strong>Skutschius</strong></span> <span class='ocrx_word' id='word_1_53' title='bbox 1056 964 1093 1003; x_wconf 86' lang='lat' dir='ltr'><strong>ex</strong></span> <span class='ocrx_word' id='word_1_54' title='bbox 1116 945 1244 1004; x_wconf 87' lang='lat' dir='ltr'><strong>aliorum</strong></span> 
     </span>
     <span class='ocr_line' id='line_1_9' title="bbox 226 1026 1331 1112; baseline -0.003 -18"><span class='ocrx_word' id='word_1_55' title='bbox 226 1035 495 1094; x_wconf 88' lang='lat' dir='ltr'><strong>ecclesiasticorum</strong></span> <span class='ocrx_word' id='word_1_56' title='bbox 509 1036 651 1111; x_wconf 87' lang='lat' dir='ltr'><strong>exemplis</strong></span> <span class='ocrx_word' id='word_1_57' title='bbox 662 1026 931 1112; x_wconf 90' lang='lat' dir='ltr'><strong>(cl.Buenemanno</strong></span> <span class='ocrx_word' id='word_1_58' title='bbox 946 1033 1079 1092; x_wconf 87' lang='lat' dir='ltr'><strong>ad&#39;Lact.</strong></span> <span class='ocrx_word' id='word_1_59' title='bbox 1089 1033 1136 1092; x_wconf 90' lang='lat' dir='ltr'><strong>III</strong></span> <span class='ocrx_word' id='word_1_60' title='bbox 1152 1035 1202 1093; x_wconf 84' lang='lat'><strong>30.</strong></span> <span class='ocrx_word' id='word_1_61' title='bbox 1212 1037 1243 1108; x_wconf 64' lang='lat'><strong>1³,</strong></span> <span class='ocrx_word' id='word_1_62' title='bbox 1328 1045 1331 1051; x_wconf 85' lang='lat'>&#39;</span> 
     </span>
     <span class='ocr_line' id='line_1_10' title="bbox 225 1123 1243 1202; baseline -0.001 -20"><span class='ocrx_word' id='word_1_63' title='bbox 225 1124 313 1183; x_wconf 87' lang='lat' dir='ltr'><strong>Lullo</strong></span> <span class='ocrx_word' id='word_1_64' title='bbox 334 1126 420 1200; x_wconf 87' lang='lat' dir='ltr'><strong>epist.</strong></span> <span class='ocrx_word' id='word_1_65' title='bbox 437 1127 453 1182; x_wconf 91' lang='lat'>1</span> <span class='ocrx_word' id='word_1_66' title='bbox 470 1125 571 1202; x_wconf 83' lang='lat' dir='ltr'><strong>Migne</strong></span> <span class='ocrx_word' id='word_1_67' title='bbox 591 1125 643 1198; x_wconf 84' lang='lat'><strong>96,</strong></span> <span class='ocrx_word' id='word_1_68' title='bbox 658 1124 721 1182; x_wconf 88' lang='grc'><strong>819</strong></span> <span class='ocrx_word' id='word_1_69' title='bbox 737 1123 762 1180; x_wconf 93' lang='grc' dir='ltr'>Β</span> <span class='ocrx_word' id='word_1_70' title='bbox 781 1127 815 1181; x_wconf 88' lang='grc' dir='ltr'><strong>ιιι</strong></span> <span class='ocrx_word' id='word_1_71' title='bbox 835 1140 916 1182; x_wconf 88' lang='lat' dir='ltr'><strong>meae</strong></span> <span class='ocrx_word' id='word_1_72' title='bbox 938 1123 1144 1182; x_wconf 73' lang='lat' dir='ltr'><strong>mediocritatis</strong></span> <span class='ocrx_word' id='word_1_73' title='bbox 1167 1125 1243 1182; x_wconf 75' lang='lat' dir='ltr'><strong>cari</strong></span> 
     </span>
     <span class='ocr_line' id='line_1_11' title="bbox 225 1203 1243 1290; baseline -0.003 -18"><span class='ocrx_word' id='word_1_74' title='bbox 225 1231 296 1272; x_wconf 86' lang='lat' dir='ltr'><strong>nem</strong></span> <span class='ocrx_word' id='word_1_75' title='bbox 310 1215 414 1286; x_wconf 74' lang='lat' dir='ltr'><strong>fulcire</strong></span> <span class='ocrx_word' id='word_1_76' title='bbox 428 1215 558 1287; x_wconf 78' lang='lat' dir='ltr'><strong>dipneris</strong></span> <span class='ocrx_word' id='word_1_77' title='bbox 572 1215 630 1272; x_wconf 84' lang='lat' dir='ltr'><strong>treis</strong></span> <span class='ocrx_word' id='word_1_78' title='bbox 644 1213 731 1271; x_wconf 85' lang='lat' dir='ltr'><strong>almis</strong></span> <span class='ocrx_word' id='word_1_79' title='bbox 745 1213 927 1271; x_wconf 78' lang='lat' dir='ltr'><strong>oraminibus</strong></span> <span class='ocrx_word' id='word_1_80' title='bbox 941 1215 990 1272; x_wconf 90' lang='lat' dir='ltr'><strong>etc.</strong></span> <span class='ocrx_word' id='word_1_81' title='bbox 1001 1231 1045 1288; x_wconf 88' lang='lat' dir='ltr'><strong>ep.</strong></span> <span class='ocrx_word' id='word_1_82' title='bbox 1058 1213 1117 1288; x_wconf 76' lang='lat' dir='ltr'><strong>lp.</strong></span> <span class='ocrx_word' id='word_1_83' title='bbox 1129 1214 1190 1271; x_wconf 81' lang='lat'><strong>821</strong></span> <span class='ocrx_word' id='word_1_84' title='bbox 1200 1203 1243 1290; x_wconf 82' lang='lat' dir='ltr'><strong>D)</strong></span> 
     </span>
     <span class='ocr_line' id='line_1_12' title="bbox 225 1300 1244 1378; baseline -0.002 -18"><span class='ocrx_word' id='word_1_85' title='bbox 225 1305 429 1378; x_wconf 84' lang='lat' dir='ltr'><strong>proposuerat.</strong></span> <span class='ocrx_word' id='word_1_86' title='bbox 477 1301 559 1372; x_wconf 83' lang='lat' dir='ltr'><strong>Quae</strong></span> <span class='ocrx_word' id='word_1_87' title='bbox 590 1302 678 1360; x_wconf 90' lang='lat' dir='ltr'><strong>lectio</strong></span> <span class='ocrx_word' id='word_1_88' title='bbox 709 1301 787 1361; x_wconf 90' lang='lat' dir='ltr'><strong>clare</strong></span> <span class='ocrx_word' id='word_1_89' title='bbox 812 1300 1004 1359; x_wconf 88' lang='lat' dir='ltr'><strong>confirmatur</strong></span> <span class='ocrx_word' id='word_1_90' title='bbox 1025 1301 1090 1360; x_wconf 91' lang='lat' dir='ltr'><strong>loco</strong></span> <span class='ocrx_word' id='word_1_91' title='bbox 1115 1300 1244 1378; x_wconf 89' lang='lat' dir='ltr'><strong>quodam</strong></span> 
     </span>
     <span class='ocr_line' id='line_1_13' title="bbox 227 1390 1244 1468; baseline -0.002 -20"><span class='ocrx_word' id='word_1_92' title='bbox 227 1391 400 1451; x_wconf 85' lang='lat' dir='ltr'><strong>Matheseos</strong></span> <span class='ocrx_word' id='word_1_93' title='bbox 447 1391 526 1450; x_wconf 89' lang='lat' dir='ltr'><strong>Nam</strong></span> <span class='ocrx_word' id='word_1_94' title='bbox 549 1409 618 1450; x_wconf 89' lang='lat' dir='ltr'><strong>oum</strong></span> <span class='ocrx_word' id='word_1_95' title='bbox 640 1393 739 1450; x_wconf 84' lang='lat' dir='ltr'><strong>textus</strong></span> <span class='ocrx_word' id='word_1_96' title='bbox 761 1392 919 1449; x_wconf 88' lang='lat' dir='ltr'><strong>restitutus</strong></span> <span class='ocrx_word' id='word_1_97' title='bbox 943 1408 1021 1448; x_wconf 90' lang='lat' dir='ltr'><strong>nunc</strong></span> <span class='ocrx_word' id='word_1_98' title='bbox 1044 1391 1087 1450; x_wconf 88' lang='lat' dir='ltr'><strong>sic</strong></span> <span class='ocrx_word' id='word_1_99' title='bbox 1109 1390 1244 1468; x_wconf 85' lang='lat' dir='ltr'><strong>legatur:</strong></span> 
     </span>
     <span class='ocr_line' id='line_1_14' title="bbox 227 1478 1244 1555; baseline -0.003 -16"><span class='ocrx_word' id='word_1_100' title='bbox 227 1481 339 1539; x_wconf 78' lang='lat' dir='ltr'><strong>Discite</strong></span> <span class='ocrx_word' id='word_1_101' title='bbox 369 1483 455 1540; x_wconf 88' lang='lat' dir='ltr'><strong>etiam</strong></span> <span class='ocrx_word' id='word_1_102' title='bbox 484 1482 662 1540; x_wconf 87' lang='lat' dir='ltr'><strong>sacrosancti</strong></span> <span class='ocrx_word' id='word_1_103' title='bbox 684 1482 872 1555; x_wconf 79' lang='lat' dir='ltr'><strong>imperatores</strong></span> <span class='ocrx_word' id='word_1_104' title='bbox 895 1480 1094 1538; x_wconf 84' lang='lat' dir='ltr'><strong>uenerandmn</strong></span> <span class='ocrx_word' id='word_1_105' title='bbox 1111 1478 1244 1538; x_wconf 79' lang='lat' dir='ltr'><strong>Alexan-</strong></span> 
     </span>
     <span class='ocr_line' id='line_1_15' title="bbox 226 1569 1244 1642; baseline -0.002 -14"><span class='ocrx_word' id='word_1_106' title='bbox 226 1570 310 1628; x_wconf 87' lang='lat' dir='ltr'><strong>driae</strong></span> <span class='ocrx_word' id='word_1_107' title='bbox 332 1583 452 1628; x_wconf 89' lang='lat' dir='ltr'><strong>numen·</strong></span> <span class='ocrx_word' id='word_1_108' title='bbox 476 1570 554 1629; x_wconf 80' lang='lat' dir='ltr'><strong>ande</strong></span> <span class='ocrx_word' id='word_1_109' title='bbox 581 1571 708 1642; x_wconf 83' lang='lat' dir='ltr'><strong>sumpsit</strong></span> <span class='ocrx_word' id='word_1_110' title='bbox 696 1569 897 1636; x_wconf 84' lang='lat' dir='ltr'><strong>tenordinm,</strong></span> <span class='ocrx_word' id='word_1_111' title='bbox 930 1572 964 1626; x_wconf 90' lang='lat' dir='ltr'><strong>nt</strong></span> <span class='ocrx_word' id='word_1_112' title='bbox 991 1570 1123 1627; x_wconf 85' lang='lat' dir='ltr'><strong>etbnins</strong></span> <span class='ocrx_word' id='word_1_113' title='bbox 1137 1570 1244 1641; x_wconf 87' lang='lat' dir='ltr'><strong>inepta</strong></span> 
     </span>
     <span class='ocr_line' id='line_1_16' title="bbox 226 1586 1245 1732; baseline -0.001 -16"><span class='ocrx_word' id='word_1_114' title='bbox 226 1657 372 1732; x_wconf 79' lang='lat' dir='ltr'><strong>fropiiitat</strong></span> <span class='ocrx_word' id='word_1_115' title='bbox 361 1660 519 1718; x_wconf 80' lang='lat' dir='ltr'><strong>tet·rteteca</strong></span> <span class='ocrx_word' id='word_1_116' title='bbox 527 1660 567 1718; x_wconf 85' lang='lat' dir='ltr'><strong>ad</strong></span> <span class='ocrx_word' id='word_1_117' title='bbox 585 1661 679 1718; x_wconf 82' lang='lat' dir='ltr'><strong>uerita</strong></span> <span class='ocrx_word' id='word_1_118' title='bbox 680 1660 716 1716; x_wconf 91' lang='lat' dir='ltr'><strong>tis</strong></span> <span class='ocrx_word' id='word_1_119' title='bbox 680 1659 885 1717; x_wconf 82' lang='lat' dir='ltr'><strong>tenordinm</strong></span> <span class='ocrx_word' id='word_1_120' title='bbox 903 1586 1110 1716; x_wconf 75' lang='lat' dir='ltr'><strong>mediocritatis</strong></span> <span class='ocrx_word' id='word_1_121' title='bbox 1128 1661 1245 1716; x_wconf 87' lang='lat' dir='ltr'><strong>nostrae</strong></span> 
     </span>
     <span class='ocr_line' id='line_1_17' title="bbox 226 1745 1244 1821; baseline -0.002 -15"><span class='ocrx_word' id='word_1_122' title='bbox 226 1764 320 1806; x_wconf 89' lang='lat' dir='ltr'><strong>sermo</strong></span> <span class='ocrx_word' id='word_1_123' title='bbox 348 1752 506 1821; x_wconf 82' lang='lat' dir='ltr'><strong>reuocetur,</strong></span> <span class='ocrx_word' id='word_1_124' title='bbox 536 1749 645 1805; x_wconf 89' lang='lat' dir='ltr'><strong>mirum</strong></span> <span class='ocrx_word' id='word_1_125' title='bbox 676 1749 708 1804; x_wconf 90' lang='lat' dir='ltr'><strong>in</strong></span> <span class='ocrx_word' id='word_1_126' title='bbox 735 1746 856 1805; x_wconf 88' lang='lat' dir='ltr'><strong>modum</strong></span> <span class='ocrx_word' id='word_1_127' title='bbox 894 1747 1041 1805; x_wconf 87' lang='lat' dir='ltr'><strong>consentit</strong></span> <span class='ocrx_word' id='word_1_128' title='bbox 1076 1745 1244 1805; x_wconf 85' lang='lat' dir='ltr'><strong>Mathoaeos</strong></span> 
     </span>
     <span class='ocr_line' id='line_1_18' title="bbox 226 1826 1245 1916; baseline -0.002 -23"><span class='ocrx_word' id='word_1_129' title='bbox 226 1835 297 1894; x_wconf 89' lang='lat' dir='ltr'><strong>libri</strong></span> <span class='ocrx_word' id='word_1_130' title='bbox 319 1835 379 1894; x_wconf 87' lang='lat' dir='ltr'><strong>VH</strong></span> <span class='ocrx_word' id='word_1_131' title='bbox 407 1835 473 1893; x_wconf 90' lang='lat' dir='ltr'><strong>finis</strong></span> <span class='ocrx_word' id='word_1_132' title='bbox 504 1838 545 1895; x_wconf 91' lang='lat' dir='ltr'><strong>sio</strong></span> <span class='ocrx_word' id='word_1_133' title='bbox 569 1828 836 1916; x_wconf 82' lang='lat' dir='ltr'><strong>compositus(fol.</strong></span> <span class='ocrx_word' id='word_1_134' title='bbox 860 1834 906 1909; x_wconf 59' lang='lat' dir='ltr'><strong>GV,</strong></span> <span class='ocrx_word' id='word_1_135' title='bbox 930 1835 984 1894; x_wconf 90' lang='lat' dir='ltr'><strong>col.</strong></span> <span class='ocrx_word' id='word_1_136' title='bbox 1008 1834 1024 1892; x_wconf 94' lang='lat' dir='ltr'>I</span> <span class='ocrx_word' id='word_1_137' title='bbox 1046 1855 1074 1894; x_wconf 89' lang='lat' dir='ltr'><strong>v.</strong></span> <span class='ocrx_word' id='word_1_138' title='bbox 1100 1826 1245 1914; x_wconf 83' lang='lat' dir='ltr'><strong>10aqq.):</strong></span> 
     </span>
     <span class='ocr_line' id='line_1_19' title="bbox 227 1924 1246 1997; baseline -0.002 -15"><span class='ocrx_word' id='word_1_139' title='bbox 227 1925 312 1982; x_wconf 88' lang='lat' dir='ltr'><strong>Haec</strong></span> <span class='ocrx_word' id='word_1_140' title='bbox 331 1927 384 1985; x_wconf 89' lang='lat' dir='ltr'><strong>tibi</strong></span> <span class='ocrx_word' id='word_1_141' title='bbox 397 1925 530 1984; x_wconf 79' lang='lat' dir='ltr'><strong>Mavorti</strong></span> <span class='ocrx_word' id='word_1_142' title='bbox 544 1925 631 1984; x_wconf 88' lang='lat' dir='ltr'><strong>decns</strong></span> <span class='ocrx_word' id='word_1_143' title='bbox 643 1928 774 1983; x_wconf 81' lang='lat' dir='ltr'><strong>nostrum</strong></span> <span class='ocrx_word' id='word_1_144' title='bbox 784 1925 892 1997; x_wconf 83' lang='lat' dir='ltr'><strong>partiti</strong></span> <span class='ocrx_word' id='word_1_145' title='bbox 906 1924 1115 1997; x_wconf 76' lang='lat' dir='ltr'><strong>replicavimus</strong></span> <span class='ocrx_word' id='word_1_146' title='bbox 1132 1925 1246 1982; x_wconf 88' lang='lat' dir='ltr'><strong>ratione</strong></span> 
     </span>
     <span class='ocr_line' id='line_1_20' title="bbox 227 2013 1244 2089; baseline -0.002 -17"><span class='ocrx_word' id='word_1_147' title='bbox 227 2014 354 2089; x_wconf 82' lang='lat' dir='ltr'><strong>collecta,</strong></span> <span class='ocrx_word' id='word_1_148' title='bbox 387 2017 420 2071; x_wconf 87' lang='lat' dir='ltr'><strong>nt</strong></span> <span class='ocrx_word' id='word_1_149' title='bbox 450 2017 550 2073; x_wconf 88' lang='lat' dir='ltr'><strong>omnia</strong></span> <span class='ocrx_word' id='word_1_150' title='bbox 580 2014 632 2072; x_wconf 86' lang='lat' dir='ltr'><strong>tibi</strong></span> <span class='ocrx_word' id='word_1_151' title='bbox 661 2017 769 2073; x_wconf 87' lang='lat' dir='ltr'><strong>secreta</strong></span> <span class='ocrx_word' id='word_1_152' title='bbox 792 2013 911 2072; x_wconf 85' lang='lat' dir='ltr'><strong>diuinae</strong></span> <span class='ocrx_word' id='word_1_153' title='bbox 933 2015 1018 2072; x_wconf 83' lang='lat' dir='ltr'><strong>istius</strong></span> <span class='ocrx_word' id='word_1_154' title='bbox 1041 2015 1115 2072; x_wconf 89' lang='lat' dir='ltr'><strong>artis</strong></span> <span class='ocrx_word' id='word_1_155' title='bbox 1137 2013 1244 2072; x_wconf 87' lang='lat' dir='ltr'><strong>medio·</strong></span> 
     </span>
     <span class='ocr_line' id='line_1_21' title="bbox 227 2100 1246 2175; baseline -0.003 -12"><span class='ocrx_word' id='word_1_156' title='bbox 227 2105 317 2163; x_wconf 89' lang='lat' dir='ltr'><strong>critas</strong></span> <span class='ocrx_word' id='word_1_157' title='bbox 348 2107 450 2161; x_wconf 89' lang='lat' dir='ltr'><strong>nostro</strong></span> <span class='ocrx_word' id='word_1_158' title='bbox 482 2104 647 2175; x_wconf 76' lang='lat' dir='ltr'><strong>manifestis</strong></span> <span class='ocrx_word' id='word_1_159' title='bbox 677 2103 963 2175; x_wconf 71' lang='lat' dir='ltr'><strong>interpretationibus</strong></span> <span class='ocrx_word' id='word_1_160' title='bbox 984 2104 1141 2161; x_wconf 87' lang='lat' dir='ltr'><strong>intimaret.</strong></span> <span class='ocrx_word' id='word_1_161' title='bbox 1187 2100 1246 2160; x_wconf 78' lang='lat' dir='ltr'><strong>Sed</strong></span> 
     </span>
     <span class='ocr_line' id='line_1_22' title="bbox 225 2190 1246 2265; baseline -0.002 -15"><span class='ocrx_word' id='word_1_162' title='bbox 225 2192 271 2250; x_wconf 86' lang='lat' dir='ltr'><strong>bis</strong></span> <span class='ocrx_word' id='word_1_163' title='bbox 301 2192 450 2265; x_wconf 78' lang='lat' dir='ltr'><strong>explicatis</strong></span> <span class='ocrx_word' id='word_1_164' title='bbox 482 2209 575 2250; x_wconf 89' lang='lat' dir='ltr'><strong>sermo</strong></span> <span class='ocrx_word' id='word_1_165' title='bbox 606 2196 682 2250; x_wconf 86' lang='lat' dir='ltr'><strong>totns</strong></span> <span class='ocrx_word' id='word_1_166' title='bbox 704 2192 745 2250; x_wconf 82' lang='lat' dir='ltr'><strong>aot</strong></span> <span class='ocrx_word' id='word_1_167' title='bbox 768 2193 972 2264; x_wconf 77' lang='lat' dir='ltr'><strong>inpositionem</strong></span> <span class='ocrx_word' id='word_1_168' title='bbox 994 2190 1142 2264; x_wconf 76' lang='lat' dir='ltr'><strong>Sphaerus</strong></span> <span class='ocrx_word' id='word_1_169' title='bbox 1164 2190 1246 2248; x_wconf 89' lang='lat' dir='ltr'><strong>Bor-</strong></span> 
     </span>
     <span class='ocr_line' id='line_1_23' title="bbox 227 2278 1247 2354; baseline -0.001 -15"><span class='ocrx_word' id='word_1_170' title='bbox 227 2282 344 2339; x_wconf 85' lang='lat' dir='ltr'><strong>barieae</strong></span> <span class='ocrx_word' id='word_1_171' title='bbox 357 2283 562 2354; x_wconf 78' lang='lat' dir='ltr'><strong>transferatm.</strong></span> <span class='ocrx_word' id='word_1_172' title='bbox 601 2279 644 2339; x_wconf 81' lang='lat' dir='ltr'><strong>cf.</strong></span> <span class='ocrx_word' id='word_1_173' title='bbox 668 2279 781 2338; x_wconf 85' lang='lat' dir='ltr'>LVIII</span> <span class='ocrx_word' id='word_1_174' title='bbox 804 2280 896 2339; x_wconf 83' lang='lat' dir='ltr'><strong>coll</strong></span> <span class='ocrx_word' id='word_1_175' title='bbox 911 2281 1005 2339; x_wconf 86' lang='lat' dir='ltr'><strong>v.35.</strong></span> <span class='ocrx_word' id='word_1_176' title='bbox 1025 2278 1122 2338; x_wconf 66' lang='lat' dir='ltr'><strong>exn*</strong></span> <span class='ocrx_word' id='word_1_177' title='bbox 1140 2279 1195 2338; x_wconf 91' lang='lat' dir='ltr'><strong>col.</strong></span> <span class='ocrx_word' id='word_1_178' title='bbox 1214 2279 1247 2338; x_wconf 89' lang='lat' dir='ltr'><strong>H</strong></span> 
     </span>
     <span class='ocr_line' id='line_1_24' title="bbox 228 2367 1247 2444; baseline -0.004 -15"><span class='ocrx_word' id='word_1_179' title='bbox 228 2391 257 2429; x_wconf 86' lang='lat' dir='ltr'><strong>v.</strong></span> <span class='ocrx_word' id='word_1_180' title='bbox 282 2371 334 2428; x_wconf 87' lang='grc'><strong>43.</strong></span> <span class='ocrx_word' id='word_1_181' title='bbox 357 2369 466 2429; x_wconf 88' lang='lat' dir='ltr'><strong>Minue.</strong></span> <span class='ocrx_word' id='word_1_182' title='bbox 489 2369 551 2428; x_wconf 82' lang='lat' dir='ltr'><strong>Fel</strong></span> <span class='ocrx_word' id='word_1_183' title='bbox 575 2369 862 2444; x_wconf 82' lang='lat' dir='ltr'><strong>v5.Arn0b.1,1</strong></span> <span class='ocrx_word' id='word_1_184' title='bbox 889 2371 919 2428; x_wconf 91' lang='lat' dir='ltr'><strong>et</strong></span> <span class='ocrx_word' id='word_1_185' title='bbox 935 2371 985 2428; x_wconf 91' lang='grc'><strong>38</strong></span> <span class='ocrx_word' id='word_1_186' title='bbox 1006 2401 1047 2408; x_wconf 96' lang='grc'>-</span> <span class='ocrx_word' id='word_1_187' title='bbox 1067 2367 1247 2444; x_wconf 81' lang='lat' dir='ltr'><strong>Sequentem</strong></span> 
     </span>
     <span class='ocr_line' id='line_1_25' title="bbox 228 2457 1248 2535; baseline -0.003 -18"><span class='ocrx_word' id='word_1_188' title='bbox 228 2459 385 2535; x_wconf 88' lang='lat' dir='ltr'><strong>periodum</strong></span> <span class='ocrx_word' id='word_1_189' title='bbox 415 2479 450 2516; x_wconf 82' lang='lat' dir='ltr'><strong>en</strong></span> <span class='ocrx_word' id='word_1_190' title='bbox 477 2462 562 2534; x_wconf 87' lang='lat' dir='ltr'><strong>parte</strong></span> <span class='ocrx_word' id='word_1_191' title='bbox 592 2457 746 2534; x_wconf 90' lang='lat' dir='ltr'><strong>quidem&#39;</strong></span> <span class='ocrx_word' id='word_1_192' title='bbox 738 2477 798 2517; x_wconf 88' lang='lat' dir='ltr'><strong>ram</strong></span> <span class='ocrx_word' id='word_1_193' title='bbox 821 2457 938 2533; x_wconf 88' lang='lat' dir='ltr'><strong>pridem</strong></span> <span class='ocrx_word' id='word_1_194' title='bbox 960 2457 1070 2517; x_wconf 83' lang='lat' dir='ltr'><strong>Krolh&#39;i</strong></span> <span class='ocrx_word' id='word_1_195' title='bbox 1092 2459 1248 2535; x_wconf 81' lang='lat' dir='ltr'><strong>ingeniosa</strong></span> 
     </span>
     <span class='ocr_line' id='line_1_26' title="bbox 227 2546 1247 2623; baseline 0 -17"><span class='ocrx_word' id='word_1_196' title='bbox 227 2549 397 2607; x_wconf 85' lang='lat' dir='ltr'><strong>coniectura</strong></span> <span class='ocrx_word' id='word_1_197' title='bbox 421 2550 566 2623; x_wconf 85' lang='lat' dir='ltr'><strong>sanatam,</strong></span> <span class='ocrx_word' id='word_1_198' title='bbox 590 2566 680 2622; x_wconf 90' lang='lat' dir='ltr'><strong>quam</strong></span> <span class='ocrx_word' id='word_1_199' title='bbox 703 2566 804 2606; x_wconf 88' lang='lat' dir='ltr'><strong>veram</strong></span> <span class='ocrx_word' id='word_1_200' title='bbox 827 2565 889 2606; x_wconf 90' lang='lat' dir='ltr'><strong>ease</strong></span> <span class='ocrx_word' id='word_1_201' title='bbox 912 2549 1015 2606; x_wconf 87' lang='lat' dir='ltr'><strong>nostra</strong></span> <span class='ocrx_word' id='word_1_202' title='bbox 1041 2551 1113 2606; x_wconf 91' lang='lat' dir='ltr'><strong>tunc</strong></span> <span class='ocrx_word' id='word_1_203' title='bbox 1136 2546 1247 2606; x_wconf 89' lang='lat' dir='ltr'><strong>codicis</strong></span> 
     </span>
     <span class='ocr_line' id='line_1_27' title="bbox 228 2635 1247 2713; baseline -0.003 -17"><span class='ocrx_word' id='word_1_204' title='bbox 228 2637 444 2712; x_wconf 90' lang='lat' dir='ltr'><strong>perquisitione</strong></span> <span class='ocrx_word' id='word_1_205' title='bbox 468 2639 621 2713; x_wconf 83' lang='lat' dir='ltr'><strong>apparuit,</strong></span> <span class='ocrx_word' id='word_1_206' title='bbox 652 2640 686 2695; x_wconf 90' lang='lat' dir='ltr'><strong>ut</strong></span> <span class='ocrx_word' id='word_1_207' title='bbox 708 2639 805 2696; x_wconf 91' lang='lat' dir='ltr'><strong>totam</strong></span> <span class='ocrx_word' id='word_1_208' title='bbox 827 2635 1022 2709; x_wconf 90' lang='lat' dir='ltr'><strong>reficeremus,</strong></span> <span class='ocrx_word' id='word_1_209' title='bbox 1046 2637 1173 2712; x_wconf 78' lang='lat' dir='ltr'><strong>contigit</strong></span> <span class='ocrx_word' id='word_1_210' title='bbox 1196 2635 1247 2694; x_wconf 93' lang='lat' dir='ltr'><strong>ob·</strong></span> 
     </span>
     <span class='ocr_line' id='line_1_28' title="bbox 227 2723 1246 2802; baseline -0.003 -18"><span class='ocrx_word' id='word_1_211' title='bbox 227 2729 346 2785; x_wconf 88' lang='lat' dir='ltr'><strong>servato</strong></span> <span class='ocrx_word' id='word_1_212' title='bbox 371 2743 513 2800; x_wconf 85' lang='lat' dir='ltr'><strong>comere,</strong></span> <span class='ocrx_word' id='word_1_213' title='bbox 538 2725 573 2783; x_wconf 91' lang='lat' dir='ltr'><strong>de</strong></span> <span class='ocrx_word' id='word_1_214' title='bbox 597 2746 657 2801; x_wconf 91' lang='lat' dir='ltr'><strong>quo</strong></span> <span class='ocrx_word' id='word_1_215' title='bbox 681 2743 772 2800; x_wconf 90' lang='lat' dir='ltr'><strong>supra</strong></span> <span class='ocrx_word' id='word_1_216' title='bbox 791 2725 1018 2800; x_wconf 77' lang='lat' dir='ltr'><strong>disputavimus,</strong></span> <span class='ocrx_word' id='word_1_217' title='bbox 1042 2723 1246 2802; x_wconf 82' lang='lat' dir='ltr'><strong>distinguendi</strong></span> 
     </span>
     <span class='ocr_line' id='line_1_29' title="bbox 227 2813 1248 2889; baseline -0.001 -17"><span class='ocrx_word' id='word_1_218' title='bbox 227 2818 257 2873; x_wconf 91' lang='lat' dir='ltr'><strong>et</strong></span> <span class='ocrx_word' id='word_1_219' title='bbox 280 2814 461 2873; x_wconf 88' lang='lat' dir='ltr'><strong>maiusculas</strong></span> <span class='ocrx_word' id='word_1_220' title='bbox 493 2816 526 2872; x_wconf 90' lang='lat' dir='ltr'><strong>in</strong></span> <span class='ocrx_word' id='word_1_221' title='bbox 558 2815 690 2874; x_wconf 91' lang='lat' dir='ltr'><strong>colorum</strong></span> <span class='ocrx_word' id='word_1_222' title='bbox 722 2814 817 2872; x_wconf 90' lang='lat' dir='ltr'><strong>initiis</strong></span> <span class='ocrx_word' id='word_1_223' title='bbox 847 2814 986 2889; x_wconf 91' lang='lat' dir='ltr'><strong>ponendi.</strong></span> <span class='ocrx_word' id='word_1_224' title='bbox 1032 2813 1153 2873; x_wconf 83' lang='lat' dir='ltr'><strong>Etenim</strong></span> <span class='ocrx_word' id='word_1_225' title='bbox 1181 2831 1248 2872; x_wconf 90' lang='lat' dir='ltr'><strong>cum</strong></span> 
     </span>
     <span class='ocr_line' id='line_1_30' title="bbox 227 2903 1247 2979; baseline -0.004 -17"><span class='ocrx_word' id='word_1_226' title='bbox 227 2921 287 2962; x_wconf 88' lang='lat' dir='ltr'><strong>vox</strong></span> <span class='ocrx_word' id='word_1_227' title='bbox 319 2904 451 2976; x_wconf 68' lang='lat' dir='ltr'><strong>reticioso</strong></span> <span class='ocrx_word' id='word_1_228' title='bbox 481 2904 647 2962; x_wconf 88' lang='lat' dir='ltr'><strong>maiuscula</strong></span> <span class='ocrx_word' id='word_1_229' title='bbox 675 2905 783 2962; x_wconf 88' lang='lat' dir='ltr'><strong>ornata</strong></span> <span class='ocrx_word' id='word_1_230' title='bbox 815 2905 867 2978; x_wconf 91' lang='lat' dir='ltr'><strong>sit,</strong></span> <span class='ocrx_word' id='word_1_231' title='bbox 898 2905 960 2963; x_wconf 85' lang='lat' dir='ltr'><strong>iam</strong></span> <span class='ocrx_word' id='word_1_232' title='bbox 989 2903 1154 2979; x_wconf 73' lang='lat' dir='ltr'><strong>apparebat</strong></span> <span class='ocrx_word' id='word_1_233' title='bbox 1181 2921 1247 2961; x_wconf 90' lang='lat' dir='ltr'><strong>eam</strong></span> 
     </span>
     <span class='ocr_line' id='line_1_31' title="bbox 226 2991 1246 3068; baseline -0.001 -17"><span class='ocrx_word' id='word_1_234' title='bbox 226 3011 331 3051; x_wconf 89' lang='lat' dir='ltr'><strong>vocem</strong></span> <span class='ocrx_word' id='word_1_235' title='bbox 355 2991 520 3067; x_wconf 86' lang='lat' dir='ltr'><strong>obscuram,</strong></span> <span class='ocrx_word' id='word_1_236' title='bbox 544 3012 620 3068; x_wconf 88' lang='lat' dir='ltr'><strong>quae</strong></span> <span class='ocrx_word' id='word_1_237' title='bbox 639 2991 831 3051; x_wconf 85' lang='lat' dir='ltr'><strong>antecedebat</strong></span> <span class='ocrx_word' id='word_1_238' title='bbox 850 3011 998 3068; x_wconf 88' lang='lat' dir='ltr'><strong>quamque</strong></span> <span class='ocrx_word' id='word_1_239' title='bbox 1023 2992 1246 3050; x_wconf 82' lang='lat' dir='ltr'><strong>5—61irteras</strong></span> 
     </span>
     <span class='ocr_line' id='line_1_32' title="bbox 228 3073 1248 3162; baseline -0.002 -22"><span class='ocrx_word' id='word_1_240' title='bbox 228 3081 387 3156; x_wconf 88' lang='lat' dir='ltr'><strong>complecti</strong></span> <span class='ocrx_word' id='word_1_241' title='bbox 428 3082 559 3157; x_wconf 88' lang='lat' dir='ltr'><strong>spatium</strong></span> <span class='ocrx_word' id='word_1_242' title='bbox 600 3081 726 3140; x_wconf 86' lang='lat' dir='ltr'><strong>docebat</strong></span> <span class='ocrx_word' id='word_1_243' title='bbox 766 3073 809 3162; x_wconf 85' lang='lat' dir='ltr'><strong>(v.</strong></span> <span class='ocrx_word' id='word_1_244' title='bbox 831 3081 851 3139; x_wconf 94' lang='lat' dir='ltr'><strong>l.</strong></span> <span class='ocrx_word' id='word_1_245' title='bbox 876 3100 899 3140; x_wconf 91' lang='lat' dir='ltr'><strong>c.</strong></span> <span class='ocrx_word' id='word_1_246' title='bbox 923 3101 953 3157; x_wconf 94' lang='lat' dir='ltr'><strong>p.</strong></span> <span class='ocrx_word' id='word_1_247' title='bbox 974 3073 1066 3162; x_wconf 77' lang='lat'>287),</span> <span class='ocrx_word' id='word_1_248' title='bbox 1107 3099 1167 3140; x_wconf 92' lang='lat' dir='ltr'><strong>non</strong></span> <span class='ocrx_word' id='word_1_249' title='bbox 1208 3080 1248 3138; x_wconf 89' lang='lat' dir='ltr'><strong>ad</strong></span> 
     </span>
     <span class='ocr_line' id='line_1_33' title="bbox 229 3161 1249 3250; baseline -0.001 -21"><span class='ocrx_word' id='word_1_250' title='bbox 229 3172 385 3245; x_wconf 90' lang='lat' dir='ltr'><strong>sequentia</strong></span> <span class='ocrx_word' id='word_1_251' title='bbox 416 3161 510 3250; x_wconf 82' lang='lat' dir='ltr'><strong>(quod</strong></span> <span class='ocrx_word' id='word_1_252' title='bbox 541 3171 675 3229; x_wconf 87' lang='lat' dir='ltr'><strong>clausula</strong></span> <span class='ocrx_word' id='word_1_253' title='bbox 703 3170 930 3230; x_wconf 91' lang='lat' dir='ltr'><strong>commendabat</strong></span> <span class='ocrx_word' id='word_1_254' title='bbox 954 3187 1018 3230; x_wconf 89' lang='lat' dir='ltr'><strong>-osa</strong></span> <span class='ocrx_word' id='word_1_255' title='bbox 1040 3170 1131 3243; x_wconf 77' lang='lat' dir='ltr'><strong>famis</strong></span> <span class='ocrx_word' id='word_1_256' title='bbox 1153 3171 1249 3228; x_wconf 89' lang='lat' dir='ltr'><strong>immi·</strong></span> 
     </span>
     <span class='ocr_line' id='line_1_34' title="bbox 228 3251 1248 3340; baseline -0.001 -23"><span class='ocrx_word' id='word_1_257' title='bbox 228 3263 309 3318; x_wconf 90' lang='lat' dir='ltr'><strong>neret</strong></span> <span class='ocrx_word' id='word_1_258' title='bbox 323 3285 365 3305; x_wconf 94' lang='lat'>=</span> <span class='ocrx_word' id='word_1_259' title='bbox 380 3251 573 3340; x_wconf 55' lang='lat' dir='ltr'><strong>mmmm),</strong></span> <span class='ocrx_word' id='word_1_260' title='bbox 597 3260 649 3318; x_wconf 92' lang='lat' dir='ltr'><strong>sed</strong></span> <span class='ocrx_word' id='word_1_261' title='bbox 672 3258 709 3317; x_wconf 87' lang='lat' dir='ltr'><strong>ad</strong></span> <span class='ocrx_word' id='word_1_262' title='bbox 733 3259 957 3335; x_wconf 85' lang='lat' dir='ltr'><strong>praecedentem</strong></span> <span class='ocrx_word' id='word_1_263' title='bbox 980 3259 1159 3318; x_wconf 88' lang='lat' dir='ltr'><strong>sententiam</strong></span> <span class='ocrx_word' id='word_1_264' title='bbox 1181 3277 1248 3334; x_wconf 90' lang='lat' dir='ltr'><strong>per·</strong></span> 
     </span>
     <span class='ocr_line' id='line_1_35' title="bbox 230 3347 1249 3426; baseline -0.001 -19"><span class='ocrx_word' id='word_1_265' title='bbox 230 3347 334 3407; x_wconf 88' lang='lat' dir='ltr'><strong>tinere.</strong></span> <span class='ocrx_word' id='word_1_266' title='bbox 380 3348 472 3407; x_wconf 92' lang='lat' dir='ltr'><strong>Porro</strong></span> <span class='ocrx_word' id='word_1_267' title='bbox 492 3366 559 3406; x_wconf 90' lang='lat' dir='ltr'><strong>cum</strong></span> <span class='ocrx_word' id='word_1_268' title='bbox 581 3348 709 3408; x_wconf 88' lang='lat' dir='ltr'><strong>formam</strong></span> <span class='ocrx_word' id='word_1_269' title='bbox 731 3349 822 3421; x_wconf 73' lang='lat' dir='ltr'><strong>fanis</strong></span> <span class='ocrx_word' id='word_1_270' title='bbox 844 3348 1014 3426; x_wconf 75' lang='lat' dir='ltr'><strong>genetIvam</strong></span> <span class='ocrx_word' id='word_1_271' title='bbox 1037 3366 1099 3407; x_wconf 90' lang='lat' dir='ltr'><strong>esse</strong></span> <span class='ocrx_word' id='word_1_272' title='bbox 1122 3350 1249 3424; x_wconf 85' lang='lat' dir='ltr'><strong>pateret,</strong></span> 
     </span>
     <span class='ocr_line' id='line_1_36' title="bbox 230 3436 1248 3515; baseline 0.001 -21"><span class='ocrx_word' id='word_1_273' title='bbox 230 3436 456 3496; x_wconf 86' lang='lat' dir='ltr'><strong>desiderabatur</strong></span> <span class='ocrx_word' id='word_1_274' title='bbox 475 3437 640 3497; x_wconf 87' lang='lat' dir='ltr'><strong>subiectum</strong></span> <span class='ocrx_word' id='word_1_275' title='bbox 658 3437 742 3497; x_wconf 88' lang='lat' dir='ltr'><strong>verbi</strong></span> <span class='ocrx_word' id='word_1_276' title='bbox 760 3439 930 3512; x_wconf 85' lang='lat' dir='ltr'><strong>immineret,</strong></span> <span class='ocrx_word' id='word_1_277' title='bbox 948 3437 1026 3496; x_wconf 91' lang='lat' dir='ltr'><strong>unde</strong></span> <span class='ocrx_word' id='word_1_278' title='bbox 1045 3439 1075 3495; x_wconf 89' lang='lat' dir='ltr'><strong>et</strong></span> <span class='ocrx_word' id='word_1_279' title='bbox 1093 3437 1248 3515; x_wconf 84' lang='lat' dir='ltr'><strong>genetivus</strong></span> 
     </span>
     <span class='ocr_line' id='line_1_37' title="bbox 229 3526 1249 3601; baseline 0 -17"><span class='ocrx_word' id='word_1_280' title='bbox 229 3527 321 3598; x_wconf 77' lang='lat' dir='ltr'><strong>famis</strong></span> <span class='ocrx_word' id='word_1_281' title='bbox 357 3526 506 3601; x_wconf 91' lang='lat' dir='ltr'><strong>penderet.</strong></span> <span class='ocrx_word' id='word_1_282' title='bbox 566 3526 623 3586; x_wconf 88' lang='lat' dir='ltr'><strong>His</strong></span> <span class='ocrx_word' id='word_1_283' title='bbox 661 3527 806 3586; x_wconf 87' lang='lat' dir='ltr'><strong>conclusis</strong></span> <span class='ocrx_word' id='word_1_284' title='bbox 844 3531 873 3584; x_wconf 89' lang='lat' dir='ltr'><strong>et</strong></span> <span class='ocrx_word' id='word_1_285' title='bbox 909 3528 1002 3586; x_wconf 87' lang='lat' dir='ltr'><strong>variis</strong></span> <span class='ocrx_word' id='word_1_286' title='bbox 1043 3526 1249 3585; x_wconf 87' lang='lat' dir='ltr'><strong>conaminibus</strong></span> 
     </span>
     <span class='ocr_line' id='line_1_38' title="bbox 229 3614 1249 3690; baseline 0 -18"><span class='ocrx_word' id='word_1_287' title='bbox 229 3615 343 3673; x_wconf 85' lang='lat' dir='ltr'><strong>frustra</strong></span> <span class='ocrx_word' id='word_1_288' title='bbox 375 3616 500 3674; x_wconf 88' lang='lat' dir='ltr'><strong>tentatis</strong></span> <span class='ocrx_word' id='word_1_289' title='bbox 532 3617 562 3673; x_wconf 88' lang='lat' dir='ltr'><strong>in</strong></span> <span class='ocrx_word' id='word_1_290' title='bbox 596 3635 699 3674; x_wconf 89' lang='lat' dir='ltr'><strong>vocem</strong></span> <span class='ocrx_word' id='word_1_291' title='bbox 732 3617 851 3674; x_wconf 83' lang='lat' dir='ltr'><strong>enitinm</strong></span> <span class='ocrx_word' id='word_1_292' title='bbox 881 3615 1007 3690; x_wconf 90' lang='lat' dir='ltr'><strong>denique</strong></span> <span class='ocrx_word' id='word_1_293' title='bbox 1031 3614 1190 3674; x_wconf 87' lang='lat' dir='ltr'><strong>incidimus</strong></span> <span class='ocrx_word' id='word_1_294' title='bbox 1214 3632 1249 3672; x_wconf 94' lang='lat' dir='ltr'><strong>ac</strong></span> 
     </span>
    </p>
   </div>
   <div class='ocr_carea' id='block_1_3' title="bbox 0 0 1362 4068">
    <p class='ocr_par' dir='ltr' id='par_1_4' title="bbox 0 0 1362 4068">
     <span class='ocr_line' id='line_1_39' title="bbox 0 0 1362 4068; baseline 0 0"><span class='ocrx_word' id='word_1_295' title='bbox 0 0 1362 4068; x_wconf 95' lang='lat' dir='ltr'><strong> </strong></span> 
     </span>
    </p>
   </div>
  </div>
 </body>
</html>
