2684 4062
239 226 282 290 66
587 224 725 279 FIRMIGI
744 225 911 279 MATERNI

239 395 337 454 Adam
360 397 617 472 prnevaricatione
644 397 767 471 proprie
794 396 970 471 promissam
993 395 1124 470 perdidit
1151 397 1256 455 vitem.

129 496 225 550 fossor
238 484 297 543 Per
314 484 461 562 virginem
481 475 486 565 Ι
506 484 634 543 Mariam
653 503 687 542 sc
705 484 844 560 spiritum
864 485 1000 544 sanctum
1014 483 1151 545 Christus
1164 488 1257 546 natus

240 577 270 632 et
296 573 545 632 inmortalitatem
573 573 687 648 accepit
715 576 745 631 et
766 593 899 651 regnum.
946 573 1044 632 Arbor
1065 574 1142 651 ligni
1164 576 1256 650 pesti·

239 665 337 722 ferum
355 663 487 739 deceptis
506 661 648 738 pabulum
668 662 819 737 praebuit:
842 661 960 740 lignum
977 664 1073 722 crucis
1092 664 1186 723 vitam
1208 665 1255 722 in-

239 751 361 810 mortali
396 769 528 829 conpage
561 753 702 812 restituit.
752 750 938 828 Contempsit
965 751 1080 810 Adam·
1104 752 1257 812 oboedivit
1288 774 1303 812 s

240 841 295 900 deo
321 839 462 900 Christus.
497 840 545 899 Sic
569 840 671 899 divine
694 840 886 915 dispositione
910 843 1047 917 quicquit
1069 841 1167 900 Adam
1190 861 1256 917 per·

204 941 220 987 3
240 930 317 989 didit
332 929 466 989 Christus
481 929 602 989 invenit.
636 929 714 989 Nam
728 932 796 1005 post
815 930 913 989 multa
930 933 1068 1006 tempore
1085 931 1256 990 novissimis

239 1024 407 1095 temporum
430 1021 546 1095 spatiis,
569 1019 601 1077 id
625 1022 672 1077 est
695 1018 857 1078 novissime
880 1038 973 1095 poene
996 1019 1182 1078 saeculorum
1206 1020 1256 1078 eb·

239 1108 379 1181 demade,
408 1108 531 1167 verbum
561 1108 608 1166 dei
638 1108 770 1167 humano
798 1126 829 1167 se
852 1108 972 1167 miscuit
996 1111 1122 1186 corpori,
1144 1111 1178 1167 ut
1200 1110 1256 1168 ho·

239 1199 350 1256 minem
372 1195 523 1271 liberaret,
547 1196 583 1254 ut
605 1200 732 1255 mortem
755 1197 899 1271 vinceret,
923 1196 957 1255 ut
980 1197 1177 1276 fragilitatem
1200 1199 1306 1260 hu·1o

239 1286 322 1345 mani
345 1282 477 1362 corporis
496 1305 563 1345 erun
582 1285 684 1345 divina
706 1287 924 1345 inmortalitate
943 1287 1142 1366 coniungeret.
1176 1288 1257 1357 Quid

240 1378 320 1434 enim
351 1377 462 1434 faceret
493 1378 580 1434 tanta
615 1375 706 1434 turba
742 1373 934 1435 sanctorum?
980 1375 1063 1445 Quae
1094 1377 1156 1435 illis
1188 1395 1258 1452 spes

240 1462 369 1524 salutis?
401 1463 487 1533 Quod
505 1465 680 1524 meritorum
698 1464 873 1540 praemium,
897 1465 922 1523 si
941 1465 996 1524 sub
1014 1484 1076 1525 una
1094 1466 1257 1542 eademque

240 1554 412 1614 condicione
437 1555 525 1613 sortis
548 1553 791 1613 ineluctabilibus
812 1553 1006 1614 mortalitatis
1029 1555 1145 1632 laqueis
1164 1558 1259 1615 etism

239 1646 306 1721 ipsa
334 1643 468 1720 obligate
495 1641 669 1702 teneretur?
713 1642 799 1700 Nihil
826 1642 937 1701 Habel·
962 1644 1038 1701 nihil
1061 1645 1156 1704 linos·
1180 1646 1306 1706 nihilis

240 1734 319 1792 Noe·
338 1728 414 1791 nihil
430 1731 513 1791 Sem·
533 1731 609 1790 nihil
623 1731 790 1791 Abrabam·
809 1731 886 1790 nihil
898 1732 999 1791 Isaac·
1018 1733 1095 1792 nihil
1112 1733 1201 1793 Iacob
1221 1734 1259 1792 de

241 1821 289 1881 dci
306 1821 364 1882 sibi
382 1821 585 1880 misericordia
604 1840 639 1880 ac
657 1821 813 1880 maiestate
827 1823 1049 1897 promitterent:
1067 1824 1147 1882 irent
1165 1823 1260 1882 etiam

239 1911 298 1988 ipsi
312 1915 381 1987 post
395 1913 514 1969 tantum
528 1910 598 1969 fidei
616 1912 758 1969 meritum
777 1928 844 1969 cum
863 1906 968 1970 ceteris
988 1910 1125 1972 omnibns
1143 1915 1261 1988 pariter

241 1999 363 2074 addicti,
387 2002 417 2059 et
441 2018 541 2059 omnes
566 1999 614 2058 dei
638 2003 756 2060 sanctos
779 2019 872 2059 unum
895 1999 1000 2060 mortis
1025 2003 1173 2077 exciperet
1196 2005 1261 2061 exi·

240 2090 329 2163 tium,
359 2107 413 2148 nec
440 2088 564 2147 haberet
592 2092 665 2163 sput
693 2088 778 2146 deum
807 2091 974 2164 praemium
1001 2091 1111 2166 pietas,
1142 2093 1168 2149 si
1196 2111 1261 2151 una
1280 2113 1311 2152 so

205 2178 403 2253 leademqne
440 2196 541 2238 omnes
579 2177 712 2236 condicio
749 2179 854 2236 mortis
891 2179 1032 2238 hauriret.
1088 2178 1146 2238 Sed
1183 2180 1261 2240 deus

240 2267 380 2327 Abrahae
399 2266 509 2325 clarius
528 2285 546 2324 a
565 2267 641 2326 caeli
659 2265 808 2326 sideribus
826 2268 1006 2342 promiserat
1024 2287 1157 2346 regnum.
1186 2269 1262 2330 Ideo

241 2377 276 2416 ex
304 2376 410 2434 genere
433 2356 573 2416 Abrahae
601 2356 779 2415 descendens
807 2355 903 2415 Maria
931 2358 1015 2434 virgo
1044 2357 1092 2415 dei
1118 2359 1262 2434 concipit,

240 2450 275 2505 ut
298 2464 389 2521 supra
412 2446 559 2506 dictorum
588 2446 741 2504 hominum
769 2445 884 2504 soboles
912 2446 1081 2506 inmortalis
1105 2449 1262 2508 societatis

240 2534 360 2594 vinculo
388 2535 575 2613 iungeretur,
603 2538 639 2593 ut
661 2535 703 2594 sic
726 2536 891 2593 humanum
914 2553 1007 2611 genus
1031 2555 1085 2610 per
1106 2537 1311 2596 hominemne

240 2624 355 2701 pariter
369 2626 399 2682 et
412 2624 502 2682 deum
516 2627 647 2699 aequata
661 2623 1042 2700 societatisconparatione
1052 2624 1260 2685 coniunctum·

331 2792 348 2846 2
372 2794 409 2847 Ia
433 2794 563 2860 inferiore
581 2800 663 2862 parte
686 2794 822 2863 marginis
849 2794 960 2848 destrae
983 2795 1048 2861 folii
1063 2794 1119 2849 25¹²
1138 2797 1203 2851 boec
1224 2800 1261 2851 lc-

239 2872 346 2936 9uctar
368 2866 449 2920 cerba
473 2865 570 2919 litteris
597 2866 758 2920 misceatis
779 2867 883 2934 scripta
910 2865 1052 2922 dceedecim
1078 2869 1199 2922 versitas
1229 2870 1263 2924 in

239 2939 322 2991 cccci
343 2938 463 3004 ferrem
485 2937 720 3005 conserpentibus:
742 2935 779 2989 Et
802 2935 848 2990 hic
874 2953 930 2990 non
954 2939 1020 2992 ante
1044 2938 1190 2992 definitum
1215 2956 1261 2993 ar-

240 3008 337 3062 borem
361 3007 439 3061 cuius
462 3023 548 3075 poma
571 3007 685 3060 edentes
708 3007 792 3076 primi
815 3007 943 3062 homines
966 3013 1152 3078 peccaverunt
1177 3026 1263 3066 vene-

240 3081 338 3133 natam
357 3078 445 3132 fnisse
465 3081 549 3146 atque
567 3078 739 3146 pestiferam.

332 3202 350 3256 d
365 3203 473 3272 recepit
487 3220 555 3258 corr.
566 3222 588 3273 p
603 3221 637 3257 ex
651 3203 768 3274 accepit.
825 3203 842 3257 8
857 3204 884 3258 d.
895 3222 925 3274 p.
941 3205 1042 3274 spatiis
1058 3207 1122 3261 odd.
1171 3208 1265 3277 leyen-

241 3276 308 3329 dam
327 3282 358 3329 at
377 3276 484 3330 uidebar
503 3275 658 3329 saeclorum
677 3278 848 3344 (mmmm).
940 3278 958 3329 e
978 3276 1133 3350 ebdomade
1153 3281 1185 3333 P.

242 3346 336 3401 Uerbfi
360 3362 428 3401 corr.
444 3349 472 3401 P
492 3364 525 3400 ex
546 3346 643 3400 uerbi.
735 3346 772 3400 19
796 3347 873 3401 exitii
897 3348 1039 3416 exciperet
1058 3351 1091 3413 P,
1116 3350 1150 3416 cf.
1166 3354 1266 3418 praef.

237 3435 269 3488 p.
286 3419 434 3472 XXXIX.
504 3417 542 3471 20
561 3417 587 3472 d.
597 3437 627 3487 p.
642 3418 735 3486 pietas
755 3417 819 3472 cdd.
884 3418 923 3473 28
942 3419 1067 3489 concipit
1082 3422 1115 3486 P,
1130 3424 1269 3492 concepit

243 3490 292 3542 Bc
306 3491 364 3557 Ha,
384 3496 414 3543 at
431 3490 466 3556 cf.
482 3489 527 3545 St.
583 3489 621 3542 26
641 3490 666 3542 d.
678 3507 706 3557 p.
723 3490 902 3544 coniunctum
918 3491 981 3545 add.

334 3612 372 3666 22
390 3615 424 3681 cf.
441 3617 484 3680 61,
494 3618 532 3668 20
550 3630 611 3668 cum
630 3616 710 3668 ciclis.
