2698 4068
628 189 679 251 §1
1112 187 1163 240 VH

148 344 194 435 (in
219 347 434 414 ‘Bibliothecae
462 353 586 414 Patrum
613 353 890 415 Ecclesiasticorum
912 354 1090 414 Latinorum
1117 375 1161 416 se-

147 443 242 502 lectae
262 491 267 502 .
284 487 290 500 .
307 489 313 501 .
332 442 430 502 editae
453 447 574 503 curante
592 443 626 502 Ε.
642 441 675 503 G.
691 439 842 504 Gersdorf
867 444 925 503 vol.
940 443 1023 520 xm,
1041 443 1160 522 Lipsiae

149 534 245 607 1847,
267 553 296 609 p.
313 524 480 615 57—120)
500 551 534 592 eo
557 533 692 610 insignis,
715 532 796 609 quod
818 532 932 609 primus
956 530 1099 594 Oehlerus
1123 535 1161 594 ad

147 622 267 680 criticae
295 623 369 680 artis
396 621 477 700 leges
503 625 619 681 textum
645 621 801 680 recensuit.
837 621 940 698 Ipsum
967 641 1038 682 sane
1065 623 1161 681 Flacii

147 710 277 770 codicem
307 711 440 770 invenire
472 730 532 770 non
558 711 667 788 potuit,
695 709 746 770 sed
772 713 939 771 memoratu
966 711 1058 790 digna
1081 717 1160 788 sunt,

147 818 224 876 quae
247 799 283 859 de
305 801 362 859 hoc
385 803 561 878 argumento
584 821 612 876 p.
626 799 686 858 VH
704 799 850 876 epistulae
869 800 907 859 ad
925 800 972 859 Fr.
987 801 1064 878 Aug.
1084 801 1159 860 Ecle-

20 891 31 916 ⁸
147 888 288 948 steinium
316 888 440 948 editioni
466 889 647 966 praemissae
675 890 824 965 exposuit:
849 884 907 947 ‘Ad
929 888 1066 948 libellum
1088 890 1160 949 Iulii

145 977 268 1038 Firmici
291 977 420 1036 Materni
447 978 484 1036 de
506 979 615 1038 Errore
637 977 834 1037 Proianarum
859 977 1050 1056 Religionum
1078 979 1161 1039 aliud

145 1067 311 1127 subsidium
333 1085 506 1143 comparare
523 1068 599 1127 mihi
616 1067 734 1126 nullum
752 1066 838 1126 licuit
855 1070 974 1143 praeter
992 1069 1160 1144 exemplum

145 1156 269 1233 aliquod
296 1155 435 1215 editionis
462 1156 605 1234 principis
634 1155 705 1216 anni
734 1157 828 1216 1562.
874 1156 953 1215 Nam
983 1157 1020 1216 de
1050 1156 1160 1218 (lodice

144 1244 301 1320 Mindensi,
329 1264 365 1303 ex
392 1263 451 1320 quo
474 1245 593 1305 Elacius
615 1245 754 1322 illyricus
776 1245 897 1304 Firmici
926 1246 1101 1322 opusculum
1128 1266 1159 1306 se

145 1334 273 1394 edidisse
286 1336 350 1409 ipse
364 1333 395 1390 in
405 1335 591 1409 praefatione
605 1353 660 1394 sua
673 1333 839 1410 profitetur,
848 1334 1024 1411 scripseram
1039 1334 1158 1411 quidem

145 1422 184 1480 ad
207 1423 243 1481 V.
262 1422 298 1481 D.
322 1421 498 1497 Immanuel,
531 1421 686 1499 Gymnasii
717 1422 880 1482 Mindensis
911 1423 1077 1498 Rectorem,
1107 1425 1159 1484 sed

144 1530 215 1570 mox
241 1513 350 1572 certior
375 1511 473 1570 iactus
501 1531 567 1570 sum
595 1512 667 1571 aV.
685 1510 722 1570 D.
740 1510 908 1570 Immanuel
933 1515 964 1571 et
986 1531 1005 1570 a
1026 1513 1159 1588 Mooyer,

144 1600 217 1660 Viro
240 1599 472 1676 Humanissimo,
495 1601 582 1660 illum
604 1601 666 1658 iam
688 1618 742 1676 per
764 1602 882 1660 centum
906 1604 936 1659 et
958 1600 1085 1678 triginta
1108 1602 1159 1660 ab·

142 1689 212 1748 hinc
239 1707 333 1749 annos
360 1688 522 1750 desiderari
545 1708 641 1765 neque
663 1691 695 1748 in
719 1690 886 1748 vicinarum
908 1689 1030 1748 urbium
1051 1689 1157 1750 biblio-

141 1778 245 1855 thccis,
268 1781 303 1838 ut
325 1777 545 1838 Hannoverana
563 1780 655 1839 Ducis
675 1777 928 1858 Gantabrigiensis
947 1782 978 1838 ot
995 1779 1158 1854 Bremensi,

142 1867 175 1927 in
199 1885 274 1944 quas
298 1887 333 1927 ex
355 1868 558 1927 Miudensibus
584 1868 732 1928 thesauris
754 1868 852 1927 multa
874 1867 947 1928 olim
972 1867 1072 1928 delata
1095 1888 1157 1930 esse

143 1959 269 2032 constat,
296 1975 393 2032 neque
420 1958 520 2018 volam
552 1976 646 2033 neque
673 1958 834 2035 vestigium
863 1959 925 2018 eius
958 1959 1157 2034 comparuisse

141 2041 257 2106 ullum’
290 2045 356 2104 Hac
374 2046 469 2123 igitur
488 2065 540 2123 spe
559 2046 705 2107 dissoluta
724 2045 866 2128 Oehlerus
884 2049 986 2106 tamen
1003 2067 1063 2107 non
1082 2048 1156 2107 satis

141 2135 246 2194 habuit
260 2135 391 2195 Woweri
408 2137 524 2195 textum
537 2135 671 2212 -quod
691 2135 805 2211 priores
824 2154 926 2195 omnes
944 2155 983 2194 ne
1000 2136 1156 2196 Mucntero

141 2224 263 2300 quidem
286 2227 408 2301 excepto
431 2225 564 2284 fecerant
582 2256 625 2267 —
644 2225 829 2300 expressisse,
852 2224 904 2284 sed
922 2225 961 2284 ad
978 2226 1075 2301 ipsam
1094 2226 1156 2284 edi-

140 2313 253 2373 tionem
271 2313 437 2390 principem
456 2333 541 2373 suam
560 2313 720 2373 editionem
735 2313 895 2392 diligenter
907 2332 962 2373 nec
975 2313 1039 2374 sine
1053 2314 1155 2390 aliquo

139 2403 241 2462 fructu
262 2403 418 2462 recensuit.

231 2491 290 2551 Sed
308 2493 426 2567 aliquot
445 2492 530 2551 annis
548 2494 617 2568 post
629 2491 712 2550 felici
727 2509 798 2549 casu
817 2489 979 2551 Gonrado
998 2491 1155 2551 Bursian

142 2579 277 2658 contigit,
299 2583 334 2639 ut
356 2580 388 2639 in
411 2580 598 2640 Bibliotheca
617 2580 765 2639 Vaticana
787 2581 866 2638 iuter
886 2579 979 2640 libros
998 2579 1153 2640 Palatinos

142 2667 272 2728 codicem
293 2669 442 2730 inveniret
465 2687 588 2728 numero
610 2670 671 2729 165
692 2669 853 2748 signatum,
871 2669 924 2745 qui
944 2686 1011 2728 oum
1029 2668 1153 2729 adiectis

140 2757 320 2833 quibusdam
342 2758 492 2835 capitibus
514 2757 585 2817 libri
607 2757 635 2816 Χ
657 2759 894 2836 recognitionum
912 2757 1153 2818 Pseudoclemen-

130 2848 272 2918 ,dnemm
289 2847 412 2907 Firmici
434 2847 545 2906 librum
566 2846 652 2906 illum
675 2848 840 2906 contineret
863 2865 1009 2923 quemque
1028 2846 1152 2906 eundem

139 2954 201 2996 esse
234 2955 269 2996 ao
300 2936 396 2996 Flacii
429 2937 597 3013 exemplum
629 2936 733 2995 statim
763 2935 960 3014 intellegeret.
1005 2935 1053 2994 Ad
1086 2955 1151 2995 eum

136 3024 232 3104 igitur
250 3025 381 3086 codicem
398 3026 540 3104 religiosa
558 3028 593 3085 ut
610 3025 684 3085 dicit
702 3024 861 3104 diligentia
874 3025 1019 3084 collatum
1032 3024 1152 3101 Lipsiae

137 3131 216 3174 anno
241 3116 326 3175 1856
351 3133 460 3175 novam
483 3114 605 3174 numici
627 3115 789 3174 editionem
812 3114 936 3190 curavit,
960 3117 990 3173 et
1013 3113 1152 3174 confiten-

138 3202 209 3262 dum
235 3204 313 3264 hanc
339 3204 481 3264 Bursiani
508 3223 638 3281 operam,
666 3204 777 3280 quippe
805 3205 858 3279 qui
884 3203 998 3280 primus
1021 3203 1150 3264 codicem

137 3294 307 3368 excusserit,
334 3294 360 3353 si
382 3294 481 3352 minus
503 3293 683 3352 laudandam
707 3311 778 3368 esse,
806 3295 839 3350 at
860 3294 962 3352 tamen
987 3310 1074 3350 usum
1097 3293 1150 3350 ali-

137 3399 225 3458 quem
247 3380 425 3459 praebuisse.

226 3469 309 3541 Quod
333 3470 504 3548 negandum
526 3469 562 3529 de
586 3489 622 3530 ea
643 3489 720 3546 quae
738 3469 935 3530 Bursianeam
958 3471 1072 3547 excepit
1091 3470 1150 3528 edi·

136 3559 231 3636 tione,
258 3559 485 3619 Halmianam
512 3559 592 3634 dico,
625 3578 702 3635 quae
728 3561 761 3618 in
787 3559 938 3619 volumine
965 3559 996 3618 Π
1019 3560 1150 3636 corporis
