2698 4068
589 203 685 263 sau
1077 198 1141 252 XXI

126 367 317 443 polysyndeti
324 364 457 426 membra
466 366 639 442 plerumque
650 367 750 426 omnia
760 367 994 444 distinguuntur,
1004 369 1141 443 quamvis

128 457 261 516 clausula
285 454 371 533 absit,
394 455 478 514 velut
499 454 557 513 XII
577 456 595 514 3
621 457 763 532 scriptum
787 459 844 516 est:
878 456 949 531 Quis
972 454 1139 515 ammoni·

128 548 192 618 ocis
220 539 315 619 olopc'
349 547 414 619 ocris
442 546 618 618 menalippe·
648 548 713 618 qais
743 541 842 604 ebioni
864 547 1046 620 ippctbocnqe
1079 563 1139 604 cor-

127 636 254 708 ruperit·
277 635 442 695 aestatim:
465 632 603 707 Steropen
623 638 715 692 omni·
740 629 874 708 octbyssoi
887 635 977 708 rapit·
1000 630 1139 708 16111111)Ρὲ

125 728 252 797 stuprat·
277 726 370 798 querit
383 724 480 796 ptboc.
522 723 565 780 Et
586 725 709 782 arsinoe.
725 769 731 782 .
748 769 754 782 .
771 770 776 782 .

215 813 326 882 Quibus
351 813 512 888 exploratis
535 813 631 870 oritur
654 813 798 887 quaestio,
829 814 975 888 quatenus
999 812 1084 872 nobis
1107 815 1193 882 in§4

123 903 311 963 instituenda
343 920 421 960 nova
453 901 582 960 editione
615 901 668 960 ille
703 901 824 976 codicis,
856 901 874 960 1.
904 921 927 959 e.
960 901 1009 961 vel
1045 902 1139 978 ipsius

123 991 248 1049 Firmici
276 992 324 1050 vel
351 990 540 1068 grammatici
566 991 693 1049 alicuius
701 983 725 1070 ¹)
756 1009 815 1049 non
844 991 939 1050 multo
967 991 1139 1065 posterioris

125 1079 280 1139 distinctio
299 1079 484 1154 respicienda
507 1080 554 1138 sit.
591 1080 636 1136 Ac
660 1097 812 1156 speramus
835 1081 911 1138 banc
935 1082 1140 1156 quaestionem

121 1188 192 1227 cum
215 1170 347 1228 omnium
371 1186 514 1227 consensu
538 1168 614 1226 solvi
635 1187 729 1245 posse.
775 1168 840 1228 Hoc
863 1171 941 1226 enirn
965 1168 1139 1228 confidimus

121 1276 226 1317 omnes
252 1258 428 1334 probaturos
457 1275 518 1316 esse
547 1257 703 1332 antiquam
730 1260 831 1334 potius
859 1258 1080 1318 distinctionem
1108 1261 1139 1316 111

120 1349 210 1407 textu
227 1347 394 1422 ponendam
414 1365 476 1406 esse
494 1346 611 1422 antiqui
626 1347 786 1421 scriptoris,
811 1366 901 1421 quam
925 1366 984 1422 qua
1007 1365 1060 1406 nos
1083 1347 1140 1406 soli

122 1435 267 1496 Germani
281 1455 359 1495 nunc
373 1435 495 1510 utimur,
519 1454 586 1494 cum
607 1438 772 1494 ceterorum
786 1436 967 1495 consuetudo
992 1436 1030 1494 ad
1053 1455 1140 1494 usum

121 1525 281 1600 antiquum
309 1526 442 1600 proxime
470 1524 598 1582 accedat.
645 1524 832 1598 Quamquam
855 1544 912 1583 non
937 1525 969 1582 id
992 1525 1139 1602 agendum

122 1618 179 1693 est,
189 1618 224 1673 ut
238 1616 365 1691 pristina
379 1616 478 1672 textus
492 1612 590 1672 forma
603 1615 684 1670 omni
699 1632 733 1672 ex
748 1617 834 1688 parte
847 1615 1031 1672 restituatur.
1053 1612 1139 1682 Quis-

120 1722 195 1761 nam
208 1704 313 1762 titulos
327 1705 463 1763 imitatus
478 1703 656 1778 capitalibus
670 1703 779 1761 litteris
793 1701 918 1762 utatur?
945 1703 1040 1762 Immo
1054 1703 1138 1762 hodi-

122 1811 230 1852 ernum
244 1812 330 1852 usum
343 1792 439 1851 multo
459 1791 687 1851 commodiorem
706 1791 856 1850 hodiernis
876 1791 1035 1852 lectoribus
1049 1811 1139 1851 unus-

121 1883 250 1958 quisque
271 1881 327 1940 bao
347 1883 378 1940 in
399 1901 431 1938 re
452 1881 607 1957 praeferet,
628 1884 663 1940 ut
683 1883 736 1956 qui
753 1885 898 1957 perpetua
917 1881 1139 1942 continuatione

122 1969 235 2029 exilio
264 1972 388 2046 antiquo
416 1989 497 2028 more
526 1973 607 2028 ortus
635 1971 682 2029 sit.
730 1970 843 2029 Eadem
867 1970 988 2030 fortuna
1017 1989 1072 2028 usa
1095 1973 1140 2028 est

121 2061 202 2118 ratio
240 2058 449 2137 distinguendi,
487 2078 563 2135 quae
600 2058 696 2118 adhuc
727 2060 822 2118 veteri
859 2058 1066 2118 consuetudini
1100 2059 1138 2116 si·

121 2148 252 2207 millima
275 2167 293 2206 a
317 2148 520 2224 Francogallis
553 2147 639 2207 Italis
676 2147 819 2225 Hispanis
856 2151 999 2207 servatur.
1060 2146 1139 2216 Quid

122 2231 235 2312 porro?
276 2238 382 2296 Nonne
413 2239 548 2313 ineptum
586 2238 705 2296 omnino
742 2239 826 2296 novis
863 2235 1068 2314 distinguendi
1098 2237 1138 2295 le·

123 2325 210 2404 gibus
247 2326 408 2404 subiugare
445 2326 632 2401 scriptorem,
670 2328 722 2401 qui
754 2327 792 2384 ad
823 2326 911 2403 plane
944 2325 1036 2389 aliam
1072 2343 1140 2384 nor-

123 2433 204 2473 mam
226 2415 363 2490 periodos
388 2420 417 2474 et
441 2415 607 2490 composuit
631 2418 660 2473 et
683 2415 849 2490 disposuit?
869 2445 913 2455 -
931 2415 996 2473 Hoc
1020 2433 1139 2489 quoque
1226 2435 1233 2452 ⁸

125 2504 421 2564 animadvertendum
454 2499 605 2582 ‘logicam'
637 2505 722 2562 illam
754 2503 955 2581 distinguendi
982 2505 1139 2576 rationem,

125 2611 202 2668 quae
226 2595 316 2652 etiam
339 2596 371 2651 in
394 2594 553 2653 vernacula
567 2593 672 2670 lingua
686 2596 789 2652 nostra
802 2593 851 2651 hic
865 2593 928 2651 illic
948 2612 1001 2651 nos
1016 2592 1139 2652 offendit

124 2700 160 2741 ac
191 2682 319 2742 vinculis
346 2683 456 2741 invidis
485 2683 638 2758 implicare
666 2681 784 2741 videtur
810 2682 938 2740 liberum
965 2699 1138 2756 sermonem,

123 2773 245 2848 linguae
268 2769 394 2830 Latinae
421 2771 516 2830 indoli
541 2771 682 2830 acerrime
709 2789 883 2849 repugnare.
921 2771 1042 2828 Etenim
1072 2790 1139 2829 cum

123 2859 208 2920 facili
230 2861 283 2919 illa
315 2863 346 2919 et
377 2862 474 2918 faceta
507 2862 569 2919 eius
602 2862 724 2938 linguae
751 2860 919 2919 mobilitate
944 2859 1008 2918 fieri
1034 2860 1138 2935 possit,

124 2951 159 3008 ut
191 2950 267 3009 miro
298 2951 387 3009 modo
420 2954 449 3008 et
480 2949 640 3008 verborum
673 2953 703 3008 et
735 2949 949 3008 sententiarum
982 2949 1137 3024 dispositio

125 3040 272 3113 varietur,
306 3058 364 3114 quo
388 3039 516 3115 plastica
538 3042 574 3097 ut
600 3039 644 3097 ita
673 3039 805 3098 dicamus
835 3041 865 3097 et
888 3037 1019 3096 dilucida
1047 3037 1138 3097 dictio

124 3127 262 3204 efficitur,
293 3131 425 3206 graviter
447 3127 584 3186 incedens
612 3128 709 3205 logica
733 3127 886 3186 distinctio
914 3127 1055 3205 gracilem
1079 3144 1137 3185 ser·

123 3235 241 3276 monem
278 3219 400 3276 minime
433 3217 518 3292 sequi
549 3220 648 3292 potest
682 3217 756 3292 pede
789 3216 903 3275 claudo.
960 3215 1138 3291 Saepissime

123 3306 278 3366 haeremus
294 3310 324 3364 et
338 3307 551 3385 grammaticae
571 3305 644 3364 artis
663 3307 829 3382 praeceptis
849 3305 1059 3382 distinguendo
1081 3305 1137 3364 sal-

215 3443 240 3509 1)
259 3440 300 3494 De
319 3443 443 3495 veterum
461 3440 708 3511 grammaticorum
724 3439 883 3508 praeceptis
899 3437 1137 3492 consentientibus

124 3527 188 3565 cum
197 3511 317 3582 legibus,
323 3511 425 3580 quibus
431 3511 555 3566 Terentii
562 3514 654 3565 textus
664 3511 694 3563 in
700 3511 843 3578 Bembina,
850 3509 963 3564 Firmici
973 3510 1002 3562 in
1007 3508 1137 3563 Palatino

125 3582 275 3638 distinctus
299 3586 350 3650 eet,
364 3602 388 3637 v.
403 3583 554 3650 Kauernm,
570 3583 621 3636 ‘Zu
636 3582 762 3650 Terenz'‚
775 3601 803 3651 p.
819 3586 853 3635 60
864 3599 933 3650 sqq„
948 3586 981 3634 87
993 3598 1062 3650 sqq„
1078 3587 1137 3634 113.
