2684 4062
224 224 267 288 32
571 225 709 280 Fransscl
726 226 896 282 MATERNI

225 394 300 451 aeris
330 393 433 452 ardore
462 395 663 453 arescentibus
690 394 827 472 frugibus
854 395 1040 456 malitiosum
1067 396 1156 456 famis
1182 398 1237 454 irn-

223 482 349 540 mineret
372 482 505 556 exitium,
520 484 673 560 ‘religioso
703 485 892 559 patriarchae
923 487 1034 544 semine
1065 489 1237 561 procreatus

225 571 343 630 iuvenis
367 573 583 647 interpretatus
612 575 761 631 somnium
786 572 874 650 regis,
901 576 999 633 totum
1024 576 1161 651 quicquit
1183 574 1237 632 im·

224 660 354 719 minabat
378 660 516 720 ostendit.
558 661 667 736 Ioseph
689 665 754 721 erat
772 662 861 722 Iacob
880 662 968 737 filius,
991 663 1043 739 qui
1063 663 1099 722 ob
1122 662 1238 739 pudici·

223 750 300 807 tiam
321 751 352 806 in
381 767 529 808 carcerem
551 753 702 826 arreptus·
730 754 799 827 post
825 751 1101 828 interpretationem
1131 754 1239 812 somnii
1267 773 1279 812 a

113 852 210 904 ferrer
224 837 284 896 fuit
310 839 460 914 particeps
487 840 580 916 regni.
602 831 605 920 l
626 840 705 898 Nam
734 843 850 917 septem
877 859 1022 901 annorum
1050 841 1181 900 collectis
1210 844 1240 900 et

225 928 351 986 servatis
390 927 537 986 fructibus
577 929 700 988 alterius
739 931 887 1004 septennii
924 932 1087 1007 egestatem
1120 931 1239 989 divinae

190 1033 206 1082 a
224 1017 333 1075 mentis
356 1016 546 1092 providentia
564 1018 725 1096 mitigavit.
762 1017 841 1077 Huic
864 1022 933 1095 post
954 1022 1082 1078 mortem
1095 1019 1240 1098 Aegyptii

225 1105 324 1181 patrio
348 1108 444 1183 gentis
468 1124 540 1165 suae
562 1107 703 1166 instituto
725 1107 839 1183 templa
861 1108 1005 1183 iecerunt,
1034 1110 1064 1168 et
1086 1111 1121 1167 ut
1143 1109 1239 1167 iustae

226 1193 456 1269 dispensationis
493 1195 624 1273 gratiam
660 1197 822 1271 posteritas
858 1198 998 1272 disceret,
1030 1197 1147 1258 modius
1179 1217 1238 1273 qno
1254 1219 1280 1257 ro

226 1283 424 1342 esurientibus
455 1283 605 1343 frumenta
638 1285 790 1358 diviserat,
822 1287 916 1361 capiti
949 1288 1153 1362 superpositus
1186 1290 1239 1346 est.

227 1372 341 1432 Nomen
379 1375 468 1430 etiam
505 1375 542 1432 ut
577 1374 709 1434 sanctius
741 1375 889 1434 coleretur
924 1394 959 1432 ex
990 1378 1086 1451 primo
1120 1378 1240 1435 auctore

227 1463 343 1537 generis
374 1463 495 1537 accepit.
549 1463 626 1520 Nam
657 1465 730 1540 qnia
760 1463 866 1522 Sarrae
897 1483 1044 1541 pronepos
1067 1465 1175 1537 fuerat,
1205 1484 1240 1523 ex

227 1568 288 1625 qua
305 1551 507 1628 nonagenaria
521 1551 672 1611 Abraham
687 1552 875 1630 indulgentia
890 1553 938 1612 dei
952 1557 1122 1630 susceperat
1135 1553 1240 1628 filium,

228 1638 347 1715 Serapis
371 1639 467 1699 dictus
492 1643 537 1699 est
560 1639 673 1700 Graeco
697 1660 843 1717 sermone,
870 1643 926 1701 hoc
949 1646 994 1702 est
1017 1640 1137 1723 Σάρρας
1161 1647 1240 1717 παῖς,
1255 1663 1281 1702 rs

192 1745 207 1794 ³
228 1728 278 1787 sed
302 1730 357 1787 boc
378 1730 475 1788 invito
499 1729 607 1805 Ioseph
628 1731 721 1789 immo
743 1735 875 1790 mortuo:
902 1751 998 1808 neque
1022 1733 1102 1790 enim
1125 1731 1240 1791 adhoc

227 1817 343 1876 facinus
371 1817 529 1895 religiosus
557 1819 691 1878 animus·
706 1822 737 1878 et
763 1819 818 1879 deo
846 1839 961 1880 summo
990 1820 1105 1880 dicatus
1135 1821 1241 1880 adduci

226 1906 386 1983 potuisset,
423 1911 457 1965 ut
490 1910 597 1968 erroris
634 1908 799 1968 inlecebras
832 1928 866 1968 ex
902 1911 1021 1969 nomine
1054 1928 1107 1968 suo
1138 1928 1240 1991 *super-

228 1997 353 2055 stitiosis
381 1996 552 2056 hominibus
580 1996 644 2071 ipse
667 1997 835 2073 praeberet,
863 2001 1039 2074 praesertim
1062 2019 1129 2058 cnm
1153 2001 1241 2060 sciret

227 2085 300 2144 haec
330 2103 392 2144 esse
421 2086 454 2143 in
483 2085 532 2144 dei
562 2088 758 2146 sacrosanctis
788 2087 916 2164 legibus,
946 2107 982 2146 ne
1013 2090 1065 2164 qui
1087 2088 1242 2147 hominum
1256 2109 1284 2148 eo

227 2174 289 2233 tale
313 2175 437 2250 aliquit·
458 2176 511 2234 aut
533 2179 727 2234 veneraretur
750 2179 802 2235 aut
821 2177 939 2236 coleret.
975 2176 1033 2236 Hic
1055 2178 1087 2234 in
1101 2178 1241 2254 Aegypto

228 2265 345 2337 colitur,
368 2263 416 2322 hic
440 2263 590 2339 adoratur,
614 2265 702 2324 huius
725 2265 917 2324 simulacrum
935 2285 1128 2326 neocororum
1151 2266 1241 2325 turba

228 2352 366 2426 custodit,
396 2355 427 2411 et
450 2351 685 2412 admemoriam
708 2356 885 2414 vetustatis·
910 2374 1010 2415 errans
1038 2357 1167 2432 populus
1195 2374 1241 2413 or-

165 2454 212 2505 (oe)
227 2441 326 2500 dinem
350 2460 502 2501 sacrorum
523 2443 557 2500 in
583 2442 726 2502 honorem
751 2444 936 2521 integerrimi
960 2463 994 2503 ao
1016 2443 1242 2521 prudentissimi

226 2530 354 2590 bominis
396 2533 609 2592 constitutum·
638 2534 823 2592 contentiosa
864 2533 1009 2610 hodieque
1051 2533 1284 2593 animositatem

317 2682 333 2737 1
354 2701 377 2738 v.
388 2684 480 2752 praef.
585 2682 766 2753 2Religioso
786 2687 819 2750 P,
842 2685 968 2756 religiosi
982 2703 1028 2754 pr.
1101 2685 1242 2740 diuvenis

226 2753 328 2824 loseph
341 2772 388 2823 pr.
479 2751 497 2807 4
517 2771 564 2808 era
575 2773 625 2808 *a*
637 2754 689 2808 cob
708 2758 736 2811 P
753 2757 850 2811 litteris
863 2763 928 2826 post
946 2773 994 2810 era
1013 2759 1123 2812 ornacula
1141 2758 1241 2811 detrita

227 2826 271 2881 Dc
289 2828 422 2880 renuntia
440 2843 464 2881 o.
480 2828 546 2881 ΒΜ
556 2829 622 2882 287.
696 2827 713 2880 5
733 2843 872 2882 carcerem
890 2828 991 2881 missus
1010 2830 1122 2898 ereptus
1136 2846 1181 2897 pr.

228 2898 255 2951 d.
265 2915 296 2967 p.
311 2913 372 2951 erre
393 2899 438 2950 tus
457 2897 565 2952 videtur
583 2897 670 2952 deesse
688 2899 719 2951 in
738 2901 771 2953 P.
880 2899 990 2954 tiuste
1009 2901 1079 2954 Pet
1097 2918 1139 2970 a„

229 2967 267 3022 10
281 2915 396 3022 dictord
410 2971 444 3034 P,
459 2970 477 3022 d
490 2986 632 3040 rencoal.
691 2969 802 3028 tllodius
817 2970 850 3036 P,
865 2987 920 3038 quo
934 2971 1018 3024 modo
1037 2971 1078 3025 cat
1091 2971 1185 3024 modio
1193 2981 1241 3039 pr.

229 3038 264 3092 11
286 3040 388 3108 capitis
408 3042 440 3106 P,
459 3058 507 3094 cm.
524 3041 574 3095 Wo
594 3042 655 3108 (qui
676 3042 771 3096 scribit
794 3041 880 3110 capiti
903 3041 949 3108 is),
969 3041 1057 3111 capiti
1078 3041 1138 3096 eius
1157 3049 1244 3096 tentat

229 3111 286 3166 Ha.
355 3109 390 3164 14
410 3112 437 3165 d.
448 3129 478 3180 p.
493 3111 582 3165 filiurn
601 3112 665 3165 odd.
736 3112 772 3165 15
792 3113 987 3168 (ΑΡΡΑΕΠΕΕ
1005 3115 1039 3179 Ρ,
1059 3115 1243 3168 (ΑΡΙΟΕΤΟΕ

228 3183 251 3236 lc
270 3184 351 3237 etant
369 3184 417 3237 Bu
425 3184 482 3238 Ha.
548 3182 586 3236 ld
604 3183 706 3237 inuitio
725 3185 759 3250 P,
778 3201 826 3238 em.
842 3185 887 3238 Fl.
951 3184 985 3237 17
1007 3185 1033 3238 d.
1048 3191 1112 3239 ante
1130 3187 1159 3239 et
1177 3185 1242 3238 add.

228 3201 269 3307 ld
286 3253 396 3321 legibus
416 3253 458 3308 Ne
477 3256 511 3308 Ρ.
593 3253 631 3307 22
650 3257 790 3324 neogrorri
811 3259 838 3321 P,
857 3271 904 3310 om.
921 3255 979 3309 Wo.
1058 3255 1095 3310 28
1116 3256 1141 3310 d.
1152 3273 1182 3326 p.
1198 3273 1244 3309 ve-

228 3325 342 3379 tustatis
361 3326 425 3380 add.
513 3325 550 3379 25
570 3326 596 3379 d.
608 3343 638 3393 p.
654 3325 838 3380 constitutum
857 3327 920 3380 odd.

317 3467 335 3522 2
350 3474 376 3522 et
389 3469 406 3522 5
421 3469 543 3538 c.pracf.
599 3468 617 3521 3
637 3469 671 3534 of.
686 3473 759 3535 40,6
777 3475 802 3522 et
816 3469 853 3522 od
872 3472 915 3536 65,
927 3473 951 3522 7.
1008 3469 1046 3524 lo
1060 3476 1085 3524 et
1099 3468 1136 3523 at
1153 3470 1245 3524 Mara..

228 3539 318 3593 LXX
325 3539 399 3593 ΡΠΓ
409 3541 492 3595 1134
509 3544 542 3593 ut
556 3540 625 3593 haec
702 3539 852 3608 posteritas
871 3541 1046 3594 contentiosa
1065 3541 1245 3594 animositate

228 3610 378 3679 perdiscat.
397 3613 430 3678 ef.
447 3611 540 3666 ΙᾸΙΧΓ
550 3614 571 3666 I
581 3617 623 3666 44.

393 3709 402 3747 l
