2698 4068
202 195 250 248 XL
605 193 817 248 PRAEFATIO·

202 367 308 440 potest.
356 361 567 439 supplevimus
595 365 678 438 istos,
710 363 789 439 quod
818 366 848 421 et
871 362 969 439 spatio
993 365 1098 439 aptum
1121 366 1166 422 est
1189 367 1220 422 et

202 454 368 512 sententiae
399 453 589 528 potissimum
621 452 792 512 satisfacere
823 451 950 511 videtur.
975 483 1017 492 -
1041 452 1130 512 Vocis
1158 457 1219 512 trc-

202 541 313 600 duutur
345 541 417 600 clim
453 541 548 600 solam
579 540 754 601 videbamus
791 543 954 600 extremam
985 541 1118 600 litteram
1144 561 1162 600 r
1188 545 1220 600 et

202 629 412 706 supplebamus
435 629 531 688 Flacii
563 630 657 690 secuti
685 631 842 689 lectionem
873 631 999 688 traditae
1027 633 1109 699 suut,
1141 649 1219 706 quae

202 718 361 794 quodiam
379 719 476 778 Flauii
489 721 587 778 aetate
605 719 655 778 hie
672 720 754 778 locus
773 718 999 778 obscurissimus
1018 718 1085 794 fuit,
1103 719 1219 778 nullam

200 807 291 866 habet
328 809 556 869 auctoritatem..
605 807 693 866 Nunc
731 826 801 867 vero
839 810 907 866 ante
935 807 1094 866 rfinalem
1130 808 1219 868 hasce

200 897 318 956 litteras
337 897 532 972 dispersimus:
555 915 580 971 r,
604 897 690 956 uvel
709 913 731 971 e,
754 901 819 955 utu:
842 896 985 956 habemus
1004 897 1219 973 igitur-routur

200 987 248 1046 vel
286 989 407 1044 seritur.
460 984 567 1045 Verbis
598 985 631 1043 in
664 1004 708 1044 -ro
741 984 914 1044 cadentibus
946 985 1135 1061 perlustratis
1172 977 1194 1067 (

202 1073 415 1134 Gradenwitzii
431 1065 600 1154 laterculis)
623 1077 654 1133 et
673 1075 710 1132 ad
734 1093 797 1133 rem
819 1076 969 1151 pertinere
988 1077 1018 1133 et
1035 1076 1068 1132 in
1087 1076 1218 1150 spatium

201 1164 349 1239 quadrare
372 1162 531 1224 videbatur
553 1166 681 1222 maxime
704 1163 827 1223 verbum
847 1181 996 1238 generare,
1019 1165 1102 1224 ouius
1126 1165 1219 1222 etiam

199 1252 313 1329 primas
345 1254 489 1330 quattuor
519 1253 651 1326 litteras,
685 1271 705 1328 p
736 1254 925 1328 praesertim,
958 1270 1115 1330 agnoscere
1146 1256 1218 1312 tunc

200 1341 285 1400 nobis
308 1342 366 1402 visi
390 1360 499 1402 sumus.
545 1341 601 1400 His
628 1342 690 1400 iam
719 1342 851 1400 collectis
875 1339 1015 1400 Cicerone
1041 1341 1151 1400 iterum
1173 1344 1217 1400 in-

200 1433 301 1508 specto
317 1432 468 1508 egregiam
484 1433 546 1490 eius
562 1433 750 1491 coniecturae
769 1429 1023 1498 confirmationem
1036 1431 1218 1505 invenimus,

200 1519 274 1580 dicit
293 1521 385 1580 enim:
417 1537 492 1594 quoe
522 1537 570 1578 res
599 1522 723 1594 geuuit
753 1521 848 1593 foleus
877 1522 1027 1593 epuioues
1051 1537 1218 1592 erroresque

200 1610 378 1668 turbulentos
402 1614 428 1667 et
454 1611 670 1682 superstitiones
697 1628 794 1683 pueue
825 1609 926 1668 uuilea
972 1609 1077 1684 Neque
1105 1627 1124 1666 a
1153 1609 1217 1668 Fir·

199 1699 270 1756 mici
302 1709 358 1756 usu
390 1697 509 1756 dicendi
542 1697 666 1758 verbum
692 1716 833 1773 peuerure
865 1697 996 1756 alienum
1029 1715 1091 1756 esse
1114 1717 1150 1756 ex
1172 1699 1216 1756 in-

201 1787 265 1845 dice
298 1805 463 1864 cognosces.
511 1785 635 1845 Collatis
668 1787 795 1861 denique
827 1786 901 1845 locis
933 1787 1029 1845 xiie
1062 1788 1160 1846 uideat
1185 1791 1219 1846 ut

199 1876 403 1934 Herculis...
424 1877 550 1949 abegerit
576 1876 660 1934 boues
692 1878 721 1934 et
752 1875 823 1934 XXI
848 1877 865 1932 2
899 1877 985 1934 oideu
1016 1879 1070 1933 ut.
1087 1876 1217 1934 ..turbu

166 1982 168 1986 ·
200 1966 334 2024 succedat
365 1966 395 2023 et
426 1966 558 2039 respecto
591 1966 656 2040 ipso
694 1962 843 2023 Ciceronis
876 1967 959 2022 textu
993 1965 1217 2024 coniunctivum

199 2054 359 2112 maluimus
382 2071 500 2128 ponere.
536 2053 643 2112 Paucis
665 2053 799 2113 versibus
821 2056 891 2129 post
913 2073 973 2112 non
991 2057 1108 2112 ser‘eutu
1127 2053 1215 2127 (tuce-

199 2141 256 2216 ret)
276 2144 492 2218 scriptumest,
516 2142 594 2218 quod
614 2142 685 2201 olim
704 2141 875 2220 legebamus
895 2145 1101 2219 propriorum
1119 2145 1216 2219 nugiS,

199 2231 250 2291 sed
269 2235 381 2300 rcuuta,
406 2250 481 2307 quae
504 2231 593 2290 lectio
618 2233 710 2289 etiam
732 2231 827 2290 multo
847 2233 947 2306 aptior
969 2234 1027 2290 est:
1050 2236 1083 2290 ut
1099 2233 1216 2291 iuvesti-

197 2322 274 2395 9utis
303 2322 436 2379 omuibus
464 2323 548 2392 atque
571 2321 693 2395 ducetis,
716 2337 790 2394 quae
812 2321 971 2393 sacrilegus
994 2338 1075 2379 error
1098 2321 1216 2379 obseou-

200 2411 291 2485 derot,
314 2412 421 2469 ueritus
443 2414 548 2469 reuotu
570 2411 682 2468 luceret.
713 2409 858 2468 ¹Verbum
882 2411 998 2468 reuusee'
1019 2409 1165 2468 Firmicus
1183 2412 1215 2467 in
1333 2447 1334 2452 κ

200 2499 313 2558 deliciis
336 2499 452 2573 habuit,
475 2499 512 2558 oi.
535 2498 595 2557 ind.
619 2501 649 2557 et
666 2500 685 2558 l.
706 2517 728 2557 e.
753 2519 781 2573 p.
803 2501 875 2557 277.

288 2589 324 2648 In
356 2588 436 2648 foliis
470 2590 527 2647 20v
550 2591 580 2646 et
604 2590 658 2647 21¹
686 2589 830 2662 plurimos
858 2587 938 2646 locos
972 2589 1126 2662 corruptos
1153 2589 1215 2646 iam

199 2678 272 2736 olim
300 2669 333 2756 (1.
358 2696 381 2736 c.
405 2697 433 2752 p.
455 2669 645 2758 iss—295)
676 2679 856 2736 sanavimus.
903 2675 1050 2735 Addenda
1071 2676 1214 2735 habemus

198 2767 278 2825 haee.
329 2765 398 2843 Cap.
418 2766 472 2822 XX
493 2767 511 2823 5
535 2767 626 2824 talem
650 2767 764 2824 textum
787 2765 926 2823 Halmius
949 2765 1084 2842 praebet:
1109 2769 1135 2823 et
1153 2767 1216 2824 licet

200 2856 295 2914 adbuc
321 2856 354 2913 iu
381 2854 555 2928 quibusdum
583 2856 748 2929 regionibus
770 2855 954 2914 idololatriae
975 2857 1129 2913 morientia
1151 2855 1213 2927 pul-

194 2946 289 3019 piteut
318 2944 460 3012 membra,
491 2947 589 3002 tarueu
615 2946 648 3003 iu
676 2962 707 3002 eo
734 2960 781 3002 res
804 2947 846 3002 est
866 2947 932 3002 ute
956 2941 1134 3002 Oaruueuis
1156 2961 1214 3002 oru-

198 3035 286 3091 uibus
318 3035 402 3092 terris
429 3033 603 3106 pestiferruu
634 3033 686 3092 boe
721 3034 833 3092 muliera
868 3034 1005 3106 frurelitus
1041 3036 1213 3106 amputetur.

198 3122 282 3180 Ferri
305 3124 424 3196 poterat
446 3121 521 3180 illud
546 3138 561 3179 e
586 3121 773 3196 Christianis,
802 3140 981 3197 quamquam
1005 3123 1103 3180 minus
1127 3124 1213 3181 acute

200 3211 313 3270 dietum
336 3214 381 3270 est
404 3230 495 3286 quam
518 3211 593 3269 solet
616 3211 769 3269 Firmicus.
806 3211 911 3286 Neque
930 3211 1097 3269 exstantia
1116 3211 1214 3270 codice

198 3301 316 3358 litterae
340 3318 381 3358 uu
400 3295 488 3380 (quas
511 3302 640 3359 incertas
665 3318 727 3359 esse
750 3299 860 3358 littaris
883 3300 1034 3359 inclinatis
1061 3300 1214 3360 indicabat

199 3379 361 3470 Halmius),
385 3388 437 3447 sed
460 3393 498 3462 ot,
521 3407 617 3464 neque
640 3389 757 3448 litterae
781 3391 832 3462 cpi
854 3391 890 3447 ut
918 3388 989 3447 alibi
1013 3389 1121 3467 siglum
1145 3392 1214 3449 sunt

199 3479 327 3536 nominis
347 3477 460 3537 Christi
479 3470 566 3559 (gria)
585 3478 636 3537 sed
654 3477 819 3553 simplicem
837 3480 899 3536 vim
917 3477 1028 3537 habent
1045 3477 1212 3538 litterarum

200 3565 376 3625 Latinarum
399 3570 463 3638 cpi:
495 3571 590 3625 turueu
622 3570 655 3626 iu
687 3585 717 3627 ec
748 3585 796 3626 res
819 3571 914 3626 estut
936 3569 1060 3640 cupiatis
1082 3569 1213 3626 mutius
