2684 4062
214 224 263 278 DE
282 224 432 280 ERRORE
450 224 553 281 Paos.
568 225 648 280 REL.
666 224 743 284 QAP.
758 225 987 281 XXVI—XXVII
1065 225 1107 290 69

92 394 299 454 transferatur.
327 395 402 454 Mihi
421 395 540 468 credite,
559 395 634 454 nihil
653 394 854 470 praetermisit
872 395 1008 456 diabolus
1027 396 1109 471 quod

92 484 243 542 hominem
274 487 415 545 miserum
445 487 499 544 aut
528 484 699 546 debilitaret
721 486 775 543 aut
796 484 941 561 perderet.
981 483 1052 544 Ideo
1076 503 1108 544 se

92 593 146 649 per
169 592 269 634 omnes
291 574 402 634 formas
426 574 588 650 multiplici
610 573 784 632 diversitate
808 574 964 649 convertit,
985 574 1053 634 ideo
1076 592 1107 633 se

92 662 204 722 diversi
226 663 342 740 generis
361 662 526 723 calliditate
545 661 709 739 conposuit,
732 665 767 722 ut
789 665 881 722 variis
905 682 940 723 ac
962 663 1107 739 multipli-

65 751 176 812 scibus
198 752 355 813 fraudibus
378 752 514 812 homines
536 754 676 812 inretitos
699 753 861 812 interimat

181 841 304 900 XXVII.
338 841 429 902 Sacra
452 861 506 901 sua
528 842 663 918 perditus
686 842 817 900 carnifex
840 833 909 921 (pro
932 834 1031 923 nefas)
1054 862 1109 918 per

92 930 207 1007 liguum
230 949 346 1007 semper
368 933 507 992 renovari
529 931 686 1007 disposuit,
708 933 744 988 nt
767 930 838 1007 quia
862 931 974 990 sciebat
991 931 1055 991 fore
1073 935 1108 990 ut

91 1019 173 1096 ligno
201 1022 296 1080 crucis
325 1019 421 1079 adfixa
448 1021 513 1080 vita
539 1021 669 1080 hominis
696 1023 857 1096 perpetuae
879 1019 1107 1082 inmortalitatis

91 1110 258 1186 conpagine
280 1109 491 1186 stringeretur,
518 1110 666 1186 perituros
693 1108 828 1170 homines
851 1129 886 1167 ex
909 1109 986 1186 ligni
1007 1110 1107 1170 imita·

51 1221 77 1260 ro
90 1198 172 1257 tione
195 1197 353 1273 deciperet.
399 1199 435 1256 In
462 1199 553 1260 sacris
577 1199 696 1276 Frygiis
723 1217 801 1274 quaa
823 1199 929 1258 matris
953 1198 1041 1258 deum
1064 1200 1107 1258 di-

91 1289 173 1360 cunt,
195 1305 249 1362 per
267 1305 360 1346 annos
380 1287 513 1364 singulos
532 1287 623 1350 arbor
640 1288 730 1364 pinea
748 1287 892 1362 caeditur,
910 1289 942 1346 et
959 1289 991 1346 in
1008 1288 1107 1350 media
1230 1353 1232 1361 ,

91 1374 195 1434 arbore
219 1376 411 1436 simulacnrm
433 1377 551 1435 iuvenis
574 1377 751 1454 subligatur.
782 1376 819 1435 In
837 1376 942 1466 Idaeis
960 1377 1052 1436 sacris
1071 1355 1146 1435 de0⁴
1164 1351 1213 1409 l*
1237 1370 1241 1386 '

90 1464 180 1540 pinea
203 1464 308 1524 arbore
332 1465 465 1524 caeditur
487 1469 620 1524 truncus.
660 1465 758 1525 Huius
781 1468 883 1524 trunci
910 1466 1008 1526 media
1036 1485 1106 1543 pars

91 1553 243 1614 subtiliter
274 1560 446 1630 excavatur,
478 1555 542 1613 illic
573 1554 609 1614 de
637 1553 821 1632 segminibus
851 1556 965 1614 factum
992 1555 1106 1616 idolum

48 1665 75 1705 rs
91 1640 217 1702 Osiridis
245 1644 395 1720 sepelitur.
417 1635 421 1724 Ι
441 1642 477 1700 In
500 1642 695 1720 Proserpinae
723 1643 830 1703 sacris·
850 1662 936 1703 caesa
964 1645 1052 1703 arbor
1073 1646 1106 1702 in
1125 1655 1140 1702 2
1156 1657 1252 1710 saiw

90 1731 217 1810 effigiem
247 1734 373 1810 virginis
396 1734 581 1809 formamque
604 1733 796 1808 conponitur,
819 1735 940 1792 etcum
961 1734 1042 1792 intre
1066 1730 1105 1792 ci·

89 1823 215 1880 vitatem
233 1822 326 1882 fuerit
344 1822 448 1897 inlate,
471 1821 675 1900 quadraginta
692 1823 829 1881 noctibus
847 1823 1010 1900 plangitur,
1034 1842 1105 1898 qua-

90 1910 258 1989 dragesima
285 1931 355 1970 vero
382 1915 468 1971 nocte
496 1910 678 1972 conburitur.
725 1910 782 1970 Sed
806 1913 836 1970 et
857 1912 913 1972 illa
938 1912 1000 1972 alia
1022 1913 1106 1990 ligna

91 2018 166 2074 quae
199 1999 273 2074 dixi,
305 1999 411 2060 similis
445 2001 565 2060 flamma
597 2002 754 2062 consumit.
804 2001 884 2060 Nam
915 2001 1006 2071 etiam
1038 2006 1106 2078 post

47 2110 76 2149 ao
90 2107 200 2148 annum
219 2091 351 2165 ipsorum
365 2090 516 2167 lignorum
530 2109 637 2168 rogum
650 2090 771 2148 flamma
785 2090 962 2166 depascitur.
989 2091 1107 2150 Errasti

89 2177 180 2238 miser
201 2183 231 2236 et
254 2179 444 2239 vehementer
466 2182 582 2240 errasti.
627 2179 712 2238 Nihil
734 2178 791 2238 tibi
813 2181 925 2255 poterit
946 2180 1025 2258 ignis
1048 2180 1107 2240 iste

89 2267 236 2342 prodesse.
287 2268 412 2328 Frustra
434 2269 493 2327 tibi
520 2287 554 2326 ex
586 2270 646 2328 ista
676 2268 798 2327 flamma
833 2268 991 2341 blandiris,
1028 2268 1105 2328 hunc

89 2355 189 2434 ignem
207 2358 382 2418 commentis
400 2359 461 2415 tuis
485 2375 601 2434 semper
623 2375 758 2417 renovas.
790 2357 873 2434 Ignis
897 2359 951 2432 qui
974 2357 1010 2416 de
1032 2357 1104 2415 leci-

90 2445 212 2504 noribus
236 2435 301 2504 tuis
328 2447 423 2520 exigit
449 2464 573 2521 poenas,
601 2449 747 2521 perpetua
772 2448 986 2505 tormentorum
1010 2448 1105 2506 conti-

48 2553 75 2595 ιι
88 2534 232 2592 nuatione
264 2538 425 2611 grassatur.
475 2534 578 2593 Divini
610 2552 646 2594 ac
676 2533 832 2594 liberantis
863 2534 940 2611 ligni
972 2535 1140 2600 ordinema

90 2620 182 2697 disce,
210 2625 245 2681 ut
267 2624 343 2683 scias
370 2623 455 2682 nulla
477 2623 533 2682 tibi
557 2642 642 2699 posse
664 2625 781 2682 ratione
805 2626 944 2683 succurri.
990 2624 1034 2682 De
1058 2643 1105 2683 ca·

180 2828 242 2883 ld.
254 2847 283 2900 p.
299 2829 406 2884 credita
425 2830 489 2885 add.
581 2829 793 2884 diutarimeret
812 2829 870 2885 Wo.
961 2830 994 2884 ll
1016 2829 1061 2883 dd.
1073 2848 1102 2899 p.

89 2899 188 2954 dicunt
206 2908 232 2955 et
249 2901 377 2956 caeditur
396 2902 460 2956 add.
542 2900 838 2968 14i11n12,em.00.
921 2900 1049 2968 semiuib3
1070 2903 1103 2969 P,

88 2989 137 3026 em.
158 2974 216 3028 Wo.
254 2973 305 3028 litt.
320 2991 348 3026 m
367 2973 426 3027 eius
443 2974 515 3028 vecie
536 2991 555 3027 α
571 2991 591 3042 p
609 2980 748 3029 renovata.
840 2972 877 3028 15
898 2973 993 3027 sacris.
1012 2989 1102 3028 caesa.

91 3047 122 3098 P.
178 3045 223 3102 dd.
234 3062 264 3113 p.
281 3043 317 3098 1?
332 3043 423 3098 inlata
437 3052 462 3100 et
477 3046 514 3098 111
529 3045 589 3098 dixi
603 3043 912 3100 scabitudinem.
982 3043 1021 3098 20
1035 3044 1104 3099 isto-

88 3133 150 3172 rum
165 3117 214 3171 Ba
224 3117 282 3170 Ha.
343 3118 425 3172 cerba
440 3116 540 3170 errasti
554 3117 640 3170 miser
653 3118 684 3170 in
698 3117 861 3186 Prepete'ta,
874 3117 921 3171 sed
935 3134 1023 3172 craso.
1056 3117 1104 3172 Ac
1129 3165 1133 3174 .

88 3194 156 3242 recte
169 3205 197 3242 ee
209 3188 290 3242 babet
303 3190 422 3254 iteratio,
436 3188 471 3255 cf.
482 3191 526 3254 37,
537 3191 554 3242 3
566 3187 581 3241 ‚9
663 3186 702 3241 23
720 3203 857 3242 renovans
880 3188 916 3242 Oe
926 3189 974 3243 Bo
985 3189 1043 3242 Ha.

89 3293 302 3350 anuscanae
322 3297 355 3361 P,
374 3312 422 3350 em.
437 3295 486 3350 m.
550 3261 621 3368 igni
644 3299 675 3351 P.

179 3472 196 3526 Β
223 3474 312 3529 Motis.
328 3477 436 3539 103,18
460 3476 492 3526 ut
516 3489 625 3542 semper
648 3490 677 3526 se
696 3472 828 3527 mutabili
852 3474 1015 3528 diversitate
1040 3489 1104 3526 con-

89 3545 189 3609 vertat,
208 3545 242 3610 cf.
259 3544 310 3599 Mo
324 3549 368 3600 24.
425 3543 442 3597 8
462 3546 497 3602 cf.
511 3545 549 3598 cd
568 3549 646 3610 list.
721 3542 759 3597 24
775 3544 866 3599 Mart.
881 3548 989 3611 256,ae
1002 3543 1104 3598 acerba

88 3615 301 3671 continuatione
319 3619 473 3686 grassatur,
490 3615 526 3682 cs.
546 3616 583 3670 ad
602 3619 647 3682 35,
657 3620 702 3672 59.
