2684 4062
222 233 265 298 82
568 233 705 289 ullarum
723 233 890 289 MATERNI

221 424 291 464 non
309 404 440 464 nostis:
458 404 690 463 interficiens
708 403 854 464 necabis
872 422 991 462 omnes
1006 405 1136 480 quiqui
1153 407 1234 462 sunt

221 495 258 552 in
291 493 444 554 civitate
476 492 582 551 caede
615 492 745 570 gladii,
778 495 813 552 et
844 491 1013 553 incendes
1045 493 1234 552 civitatem

221 582 313 661 igni,
336 584 371 641 et
389 583 460 641 erit
478 582 554 641 sine
573 582 800 657 habitaculo,
823 602 892 642 non
915 581 1177 641 aedificabitur
1198 583 1234 641 in

222 675 419 744 aeternum,
446 673 485 729 ut
513 675 702 730 avertatur
729 671 892 730 dominus
917 670 958 729 ab
980 670 1234 750 indignatione

112 769 208 823 sul-W
221 763 298 820 irae
317 780 408 820 suae.
429 756 434 841 Ι
455 761 500 819 Et
518 760 620 820 dabit
637 759 708 819 tibi
725 759 1023 836 misericordiam,
1038 764 1073 819 et
1091 762 1234 819 misere·
1262 782 1275 822 s

221 850 322 909 bitur
339 849 406 925 tui,
430 853 464 908 et
485 849 754 926 multiplicabit
776 852 810 907 te
834 849 864 908 si
887 850 1093 909 exaudieris
1115 865 1235 908 vocem

222 939 357 997 domini
386 939 443 998 dei
475 940 542 1013 tui,
573 942 607 997 ct
637 938 887 998 observaveris
917 941 1111 1015 praecepta
1135 932 1236 998 eius'

187 1027 441 1088 aMisericordiae
479 1045 550 1087 suae
585 1027 670 1088 vobis
702 1028 895 1087 sacratissimi
932 1029 1127 1104 imperatores
1163 1026 1235 1086 deus

222 1135 353 1178 summus
385 1117 518 1193 praemia
549 1117 721 1192 pollicetur,
754 1121 783 1176 et
815 1116 1056 1193 amplificationis
1088 1119 1235 1176 maximae

162 1241 166 1246 1
222 1209 382 1286 augmenta
417 1206 557 1265 decernit.
603 1206 706 1266 Facite
737 1207 840 1282 itaque
867 1205 948 1282 quod
974 1205 1070 1282 iubet,
1100 1206 1236 1283 conplete
1250 1229 1280 1268 rc

222 1295 303 1372 quod
326 1296 479 1372 praecipit.
514 1295 658 1371 Auspicia
682 1297 781 1354 vestra
802 1294 971 1354 maioribus·
989 1294 1141 1355 cumulata
1164 1299 1236 1354 sunt

222 1380 418 1466 donis.‚<1n>
434 1384 522 1443 initio
541 1383 613 1444 fidei
632 1384 724 1461 positi
738 1384 832 1443 divini
847 1385 958 1445 favoris
973 1386 1157 1444 incrementa
1171 1403 1235 1443 sen·

222 1477 311 1534 sistis.
344 1474 515 1550 Numquam
538 1493 590 1533 vos
613 1492 718 1532 manus
737 1473 785 1532 dei
804 1473 971 1533 veneranda
989 1473 1129 1547 deseruit,
1151 1493 1236 1532 num·

223 1583 312 1640 quam
336 1562 419 1622 vobis
442 1563 648 1623 laborantibus
671 1562 831 1641 denegavit
854 1563 1006 1622 auxilium.
1048 1562 1143 1623 Strati
1167 1567 1236 1622 sunt

222 1653 444 1712 adversantium
459 1654 553 1726 cunei,
572 1660 602 1710 et
616 1652 794 1712 rebellantia
808 1655 877 1711 ante
895 1656 1084 1729 conspectum
1104 1655 1237 1711 vestrum
1251 1675 1280 1714 rs

222 1761 337 1819 semper
365 1759 448 1800 arma
476 1741 651 1821 cecidamnt.
698 1741 783 1800 Missi
811 1744 880 1800 suut
907 1741 1028 1818 superbi
1051 1741 1105 1800 sub
1130 1743 1234 1824 iugpm

221 1831 338 1909 populi,
369 1834 399 1890 et
429 1830 546 1890 Persica
576 1833 647 1890 vota
678 1831 819 1906 conlapsa
848 1832 927 1889 sunt.
979 1831 1041 1890 Nec
1071 1834 1150 1889 stare
1181 1831 1236 1888 diu

222 1923 326 1980 contra
352 1938 405 1979 vos
433 1921 534 1995 potuit
555 1919 644 1978 malis
667 1921 728 1978 suis
751 1923 858 1978 ornata
882 1918 1049 1980 crudelitas
1096 1919 1152 1978 Dei
1175 1919 1236 1978 vir·

220 2012 317 2069 tutem
354 2011 472 2085 utrique
509 2009 625 2068 diverso
657 2009 792 2068 sensistis
825 2011 945 2067 eventu:
982 2008 1066 2068 vobis
1099 2008 1236 2068 caelestis

221 2099 364 2159 victoriae
392 2117 500 2158 corona
528 2099 659 2173 conlata,
687 2101 717 2156 et
744 2096 889 2157 felicitate
916 2103 1016 2158 vestra
1038 2101 1140 2158 nostra
1163 2098 1237 2156 rele-
1252 2122 1282 2161 ao

186 2191 331 2248 ceantur
353 2186 547 2247 incommoda.
580 2187 663 2246 Haec
685 2186 769 2247 vobis
793 2185 863 2248 deus
887 2205 1019 2246 summus
1042 2189 1239 2247 sacratissimi

222 2279 416 2352 imperatores
439 2295 494 2352 pro
517 2276 575 2335 fide
598 2279 697 2336 vestra
719 2275 850 2336 reddidit
873 2276 1018 2352 praemia,
1045 2277 1092 2336 his
1116 2293 1168 2336 vos
1190 2278 1238 2334 in-

222 2369 311 2425 terim
334 2369 537 2426 remuneratos
564 2364 731 2442 insignibus
760 2365 795 2425 ad
821 2383 931 2424 arcana
954 2365 1139 2425 venerandae
1162 2365 1241 2442 legis

221 2457 340 2516 invitat.
373 2455 453 2514 Pura
470 2458 583 2514 mente·
604 2455 712 2514 devota
730 2455 925 2514 conscientia·
945 2455 1116 2530 incorrupto
1136 2456 1239 2514 animo

223 2546 380 2605 clementia
409 2549 509 2604 vestra
539 2545 654 2603 caelum
685 2563 800 2620 semper
830 2545 969 2621 aspiciat,
1002 2562 1019 2602 a
1043 2543 1098 2604 deo
1121 2563 1284 2619 semperne

223 2637 358 2711 expectet
386 2634 545 2708 auxilium,
578 2633 689 2692 Christi
716 2633 914 2692 venerandum
947 2652 1058 2691 numen
1087 2633 1240 2710 imploret,

222 2728 252 2783 et
274 2742 329 2800 pro
353 2724 448 2782 salute
472 2722 552 2782 orbis
575 2725 723 2780 terrarum
742 2741 776 2781 ac
795 2726 909 2781 vestra·
929 2722 1056 2782 salutari
1073 2722 1129 2781 deo
1148 2721 1240 2798 spiri-

312 2945 462 3017 lnegabis
473 2947 504 3000 P.
552 2943 774 2999 labertoturP.
822 2944 857 2999 ll
875 2945 1016 3000 aemulata
1026 2946 1060 3000 P.
1109 2943 1146 2999 12
1161 2945 1240 3018 (in)
1329 2907 1330 2910 Ἰ

222 3019 285 3072 add.
302 3019 357 3072 Bu.
431 3017 468 3072 18
488 3016 614 3070 sensistis
633 3015 737 3085 Nriqud
756 3016 789 3070 P.
882 3016 918 3071 15
938 3016 1107 3072 rauellantia
1126 3016 1158 3070 P.

223 3089 259 3143 18
283 3107 316 3144 ea
339 3089 434 3158 potuit
454 3092 506 3157 (sic
524 3091 561 3156 P)
581 3105 650 3143 corr.
669 3087 773 3157 poterit
785 3106 817 3214 p.
910 3091 1026 3143 onerata
1045 3089 1103 3155 Ha,
1127 3090 1242 3142 armata

222 3162 271 3216 ΓΖ.
336 3160 488 3215 crudelitas
503 3159 544 3213 'lli
567 3161 596 3212 l'.
675 3157 713 3213 20
733 3176 784 3214 con
797 3162 862 3214 ata·
882 3158 1046 3214 &felicitate
1065 3161 1106 3226 P;
1126 3162 1168 3213 est
1183 3176 1242 3228 pro

222 3235 251 3286 ct
270 3233 317 3286 Bu
331 3232 389 3287 Ha.
463 3232 495 3285 21
520 3230 668 3285 incomodo
688 3232 720 3286 P.
794 3229 832 3284 24
851 3232 877 3285 d.
891 3249 919 3299 p.
935 3231 1107 3286 conscientia
1125 3231 1189 3285 add.

222 3303 260 3430 ἓξ
277 3319 383 3428 ppmen
406 3307 439 3370 P,
463 3320 566 3357 numen
587 3321 608 3371 p
631 3303 723 3357 cadem
747 3303 873 3358 adhibito
897 3305 1002 3358 litterae
1024 3321 1042 3354 u
1066 3305 1157 3370 forma
1180 3320 1243 3371 qua

312 3551 349 3606 14
374 3554 561 3619 Maraces
583 3569 636 3606 neo
658 3550 737 3604 uam
761 3550 808 3604 s01
832 3551 983 3620 aliquando
1008 3551 1161 3620 denegabit
1183 3532 1240 3608 inl

222 3623 308 3692 peria.
382 3623 420 3677 ud
439 3625 473 3690 cf.
490 3625 527 3678 ad
546 3629 636 3690 31,18
655 3629 680 3675 ct
698 3626 741 3689 54,
752 3627 777 3676 9.
