2684 4062
195 210 236 274 76
537 208 675 264 stannci
692 209 862 265 Massam

192 380 358 439 mendum
382 382 437 439 est
459 378 517 438 vel
539 378 788 456 recipiendum
811 379 895 455 quia
918 382 1003 438 sunt
1025 378 1097 438 dii?
1138 380 1210 438 Ne-

193 488 259 544 que
287 490 306 528 a
328 468 485 543 furibus,
513 487 626 544 neque
655 488 673 527 a
695 469 904 530 latronibus
927 487 962 528 ss
985 468 1209 544 liberabunt,

193 559 245 619 dii
267 559 381 639 lignei
405 564 439 618 et
460 559 596 618 aurati*
616 563 651 618 et
668 558 908 637 inargentati,
932 558 1061 634 quibus
1086 559 1123 618 hi
1147 561 1210 635 qui

193 649 308 708 fortes
338 649 422 710 sunt
451 667 574 707 aurum
605 652 640 708 et
669 652 858 728 argentum
888 668 956 724 quo
984 649 1209 725 opertisunt

158 739 364 798 conferunt
388 733 487 797 illis?
534 737 656 798 Tollite·
679 740 777 800 tollite
808 740 904 798 securi
933 737 1127 797 sacratissimi
1153 740 1209 796 im·
1239 757 1252 797 e

191 831 344 904 peratores
368 831 543 888 ornamenta
566 829 757 903 templorum·
796 828 876 886 Deos
899 828 972 888 istos
996 831 1049 887 aut
1071 831 1221 887 monetae·

192 915 284 994 ignis·
311 921 365 976 aut
393 916 584 976 metallorum
613 920 724 993 coquat
751 917 884 991 flamma,
915 917 1047 976 donaria
1069 919 1224 978 universa

192 1006 231 1064 ad
257 1007 421 1066 utilitatem
448 1009 579 1065 vestram
604 1005 828 1083 dominiumque
850 1006 1020 1066 transferte.
1064 1005 1137 1066 Post
1160 1026 1208 1065 ex·

191 1094 270 1154 cidia
293 1096 473 1172 templorum
495 1096 528 1153 in
550 1096 647 1154 maius
670 1096 719 1155 dei
741 1097 813 1155 estis
835 1095 947 1154 virtute
969 1095 1110 1171 provecti.
1157 1095 1210 1153 Vi-

192 1185 405 1245 cistishostes·
424 1183 614 1261 propagastis
632 1186 849 1261 imperiumst
867 1187 902 1243 ut
920 1183 1082 1244 virtutibus
1100 1186 1208 1244 vestris
1225 1204 1264 1241 io.

191 1273 288 1350 gloria
317 1274 413 1334 maior
440 1273 604 1353 accederet,
634 1277 750 1334 mutato
779 1291 813 1332 ac
840 1276 1011 1350 contempto
1038 1276 1209 1350 temporum

192 1363 310 1421 ordine·
334 1364 431 1422 hieme
459 1362 538 1438 quod
565 1381 619 1422 nec
645 1364 758 1422 factum
787 1365 833 1422 est
860 1363 1021 1439 aliquando
1043 1360 1046 1437 l
1067 1381 1121 1422 nee
1147 1363 1213 1438 fiet,

190 1453 340 1512 tumentes
364 1470 398 1511 ao
422 1454 587 1512 saevientes
609 1452 704 1513 undas
728 1453 865 1513 calcastis
883 1450 1001 1512 Oceani.
1036 1451 1096 1512 Sub
1119 1453 1208 1512 remis

190 1543 299 1600 vestris
321 1541 467 1618 incogniti
492 1541 553 1600 iam
575 1541 661 1600 nobis
684 1560 779 1618 paene
801 1543 892 1600 maris
915 1542 996 1600 unda
1019 1544 1208 1616 contremuit,

191 1634 221 1689 et
243 1632 425 1708 insperatam
448 1631 638 1705 imperatoris
660 1630 768 1690 faciem
786 1630 949 1690 Britannus
968 1631 1096 1708 expavit.
1129 1630 1249 1699 Quidue

191 1721 319 1796 amplius
337 1718 450 1780 vultis?
477 1719 648 1779 Virtutibus
667 1723 774 1780 vestris
792 1722 873 1781 victa
885 1720 1034 1780 elementa
1048 1724 1223 1787 cesserunt„

190 1808 275 1878 Quod
294 1813 396 1868 autem
415 1809 487 1868 deus
505 1809 616 1868 iubeat
626 1809 707 1868 idola
729 1829 789 1869 non
811 1809 876 1869 fieri
901 1813 1107 1870 sacrosanctae
1130 1810 1220 1887 legis·

191 1899 267 1957 scita
290 1899 450 1958 declarant.
496 1898 531 1956 in
556 1898 658 1958 Exodo
686 1899 766 1957 enim
793 1899 835 1958 sic
862 1899 1031 1959 invenimus
1057 1917 1119 1959 esse
1141 1919 1208 1975 per·
1327 1905 1328 1912 ’

191 1990 347 2063 scriptum:
372 1983 465 2047 ‘Non
489 1987 636 2048 facietis
655 1987 755 2047 vobis
775 1989 857 2049 deos
877 1993 1069 2064 argenteos
1092 2007 1207 2064 nequa

190 2076 274 2136 deos
307 2072 457 2137 aureos'.
511 2076 551 2135 at
582 2096 684 2139 rursus
716 2082 749 2138 in
781 2078 884 2138 eodem
915 2077 992 2138 libro
1024 2096 1126 2137 vocem
1158 2077 1249 2136 deiso

190 2166 321 2226 iubentis
340 2165 473 2226 invenio:
494 2162 591 2226 .‘Nou
610 2170 723 2230 facies
741 2169 812 2226 tibi
830 2165 978 2243 idolum,
1001 2185 1065 2226 neo
1088 2166 1206 2227 euius·

192 2273 295 2330 quam
319 2253 620 2318 similitudinem?
653 2256 801 2317 Pudorem
824 2257 939 2317 miseris
957 2257 1064 2316 indicit
1083 2256 1208 2332 spiritus

190 2346 324 2422 sanetus,
347 2346 419 2422 quia
443 2348 529 2423 cupit
549 2349 683 2408 errantes
705 2365 844 2407 revocare
867 2365 927 2406 non
950 2346 1085 2424 perdere,
1109 2347 1139 2403 et
1163 2344 1207 2404 ait

190 2454 244 2511 per
262 2434 397 2494 Esaiam:
422 2432 718 2497 ‘Confundemini
739 2437 985 2496 confusionem
1004 2435 1064 2511 qui
1082 2434 1205 2494 fiditis

191 2543 297 2600 super
324 2526 529 2603 sculptilia,
561 2527 622 2604 qui
652 2526 777 2586 dicitis
808 2525 995 2586 fusilibus:
1025 2543 1087 2585 vos
1117 2524 1248 2588 estisne

282 2678 318 2733 14
338 2680 631 2750 Verp.Aeo.111673
650 2681 843 2733 contremuere
860 2678 955 2734 undae
972 2676 1141 2746 penitusque
1160 2693 1205 2732 ex·

190 2749 291 2804 territa
304 2750 397 2805 tellus.
453 2750 491 2805 19
509 2752 565 2805 Ex.
580 2754 625 2818 20,
635 2755 679 2806 23.
735 2749 772 2804 21
792 2752 923 2816 itaer.
980 2747 1018 2802 24
1036 2750 1091 2804 Jee.
1106 2752 1151 2816 42,
1162 2754 1204 2803 17.

280 2857 298 2911 3
321 2857 445 2913 inaurati
463 2859 582 2913 mdabat
600 2858 656 2911 Bo.
767 2857 782 2911 i
805 2865 867 2926 poet
889 2855 1039 2912 metallorri
1062 2859 1093 2910 ie
1115 2858 1206 2921 spatio

190 2945 283 2983 cocao
294 2930 367 2985 duae
383 2937 467 2984 tresve
486 2931 591 2984 litterae
608 2945 710 2983 craece.
784 2928 819 2982 11
840 2929 866 2982 d.
878 2946 908 2997 p.
922 2928 1069 2982 accederet
1087 2929 1151 2982 add.

192 2999 230 3054 la
254 3000 352 3055 oceani
376 3000 512 3055 subremis
535 3001 610 3054 uiis:
635 2999 775 3070 incogniti
795 3003 828 3066 P,
851 3017 919 3054 corr.
939 2999 1064 3067 Scheffcr,
1090 2999 1205 3054 Miscell.

190 3071 308 3126 observo.
322 3072 373 3125 IX
390 3076 454 3139 168,
473 3073 508 3139 cf.
523 3072 611 3140 praes.
622 3090 652 3141 p.
668 3071 737 3124 XX.
820 3070 857 3124 15
877 3070 1019 3125 brittanus
1039 3074 1071 3126 P.
1137 3072 1164 3125 d.
1175 3088 1205 3139 p.

192 3142 230 3197 16
253 3142 337 3198 vultis
357 3144 422 3198 add.
496 3142 534 3197 19
552 3143 711 3212 perscriptd
729 3142 793 3196 Non
809 3145 839 3197 P.
914 3141 950 3195 21
972 3149 1035 3210 post
1052 3141 1117 3195 Non
1135 3145 1207 3197 duae

191 3215 296 3270 litterae
314 3232 407 3270 mesae
425 3232 495 3285 quoe
513 3215 537 3267 ti
550 3215 676 3281 fueraut:
690 3215 794 3269 coutet
808 3213 862 3268 tibi
875 3215 996 3268 scribere.
1052 3213 1090 3268 al
1109 3213 1207 3285 pesaid

191 3284 327 3340 consano.
343 3288 377 3342 P.
432 3285 638 3340 confundimini
658 3287 704 3341 Bu
722 3303 755 3340 ecc
775 3285 871 3340 LXX.
926 3283 964 3338 25
984 3284 1127 3354 sculptilia
1147 3287 1206 3352 We,

192 3357 328 3426 capitalia
347 3361 379 3425 P,
399 3356 543 3428 scalptilia
562 3359 610 3411 Bc
625 3359 682 3411 Ηα.
737 3358 763 3411 d.
779 3357 844 3411 odd.

173 3508 177 3516 .
280 3463 299 3518 a
318 3466 354 3531 cf.
367 3469 412 3534 83,
422 3469 448 3518 3.
514 3464 551 3518 le
571 3465 661 3519 Malle.
678 3462 817 3518 LXXIV
833 3466 854 3519 I
867 3468 903 3518 45
923 3464 1048 3518 saeviens
1067 3463 1207 3518 undarum

191 3536 448 3674 {deilisssfidm
468 3537 527 3592 Fet
549 3538 644 3592 Vlla
670 3535 756 3590 ira..
776 3538 887 3589 tumens
911 3537 940 3592 et
963 3536 1099 3622 saeviens
1219 3577 1221 3582 .
