2684 4062
208 225 256 278 ou
275 208 422 306 amous
442 223 545 279 eaor.
559 223 639 285 aaa.
660 223 735 278 cur.
751 222 1005 278 xxVss-xxvffl
1083 223 1125 287 73

199 395 337 454 XXVIII.
370 393 522 454 Larentur
553 395 656 469 itaque
691 394 790 455 sordes
822 395 899 453 istae
935 411 1009 469 quas
1042 393 1124 452 oolli-

110 483 169 563 gis:
202 497 310 560 quaere
341 484 440 542 fontes
472 485 626 561 ingenuos,
659 502 768 559 quaere
799 501 891 560 puros
918 482 1058 558 liquores,
1091 485 1137 540 ut·

109 574 173 632 illic
200 579 230 632 te
256 576 325 650 post
354 573 466 632 multas
494 573 627 632 maculas
655 591 723 631 oum
750 574 859 648 spiritu
882 575 984 631 sancto
1013 569 1125 630 Christi

110 665 230 742 sanguis
261 662 440 722 incandidet.
482 661 523 720 Ut
554 665 655 745 autem
686 662 809 721 miseros
841 662 975 721 homines
1008 661 1046 720 ad
1079 679 1125 719 sa-

83 771 180 812 snam
202 755 332 811 mentem
354 755 473 811 revocet
495 751 585 826 plena
607 752 775 826 persuasio,
803 752 915 810 maiore
944 751 1139 809 auctoritate·

7 901 8 906 ,
110 851 182 918 opus
209 843 262 917 est,
294 842 329 899 ut
360 840 472 900 curatis
505 859 540 899 ao
571 838 685 900 sanatis
703 839 866 899 mentibus
892 841 1010 898 nullum
1038 857 1126 915 prae-¹

110 931 240 990 cedentis
267 929 459 1006 pestilentiae
487 929 648 1007 vestigium
674 930 870 1005 relinquatur.
917 928 995 997 Quid
1022 929 1161 1004 itaques

109 1020 170 1100 sint
199 1019 281 1078 idola
310 1020 358 1078 vel
389 1037 478 1094 quam
508 1019 639 1077 habeant
670 1019 882 1093 substantiam,
912 1019 1126 1095 prophetarum

111 1127 160 1168 ore
184 1127 219 1168 ao
242 1108 290 1167 dei
312 1109 416 1167 divina
438 1126 510 1167 voce
532 1111 733 1167 monstratum
757 1109 814 1166 est:
839 1125 916 1183 quae
939 1107 1041 1166 omnia
1061 1125 1126 1183 spe-

69 1198 229 1258 socialiter
255 1198 380 1256 dicenda
408 1201 492 1271 sunt,
519 1200 556 1254 ut
578 1197 634 1256 boc
659 1215 718 1256 nou
740 1200 843 1256 nostra
865 1198 1035 1256 temeritate
1060 1215 1126 1272 pro·

109 1288 219 1361 latum,
252 1287 302 1345 sed
331 1286 432 1345 divino
459 1286 633 1362 magisterio
660 1285 746 1344 nobis
773 1285 919 1344 traditum
948 1289 978 1344 et
1005 1284 1126 1344 caelesti

110 1377 248 1434 videatur
269 1395 341 1435 voce
364 1376 523 1453 signatum.
562 1375 643 1444 Quae
674 1375 715 1434 sit
744 1375 913 1434 substantia
943 1391 1046 1434 eorum
1074 1374 1127 1433 Sa-

7 1479 15 1552 p
111 1464 243 1542 pientiae
271 1464 441 1524 veneranda
470 1483 541 1524 voce
573 1466 771 1539 monstratur,
802 1465 847 1523 ait
876 1466 956 1522 enim
982 1466 1014 1522 in
1041 1463 1126 1522 libris

7 1599 8 1614 t
111 1554 291 1614 Salomonis:
323 1548 465 1612 ‘Omnia
496 1554 596 1612 idola
628 1554 814 1612 nationum
844 1554 1139 1612 aestimaverant

69 1663 95 1703 1⁵
111 1644 206 1719 dcos,
238 1642 366 1718 quibus
395 1661 508 1719 neque
536 1643 719 1702 oculorum
747 1661 832 1701 usus
861 1646 915 1701 est
938 1642 980 1700 ad
1003 1642 1126 1700 viden·

112 1733 206 1807 dum,
229 1751 342 1808 neque
366 1751 469 1791 nares
494 1732 536 1790 ad
559 1731 833 1808 percipiendum
858 1731 1040 1807 spiritum,
1068 1750 1126 1789 ne·

110 1842 178 1898 que
198 1841 300 1882 aures
320 1821 363 1881 ad
382 1821 609 1895 audiendum,
632 1839 747 1897 neque
767 1821 878 1900 digiti
895 1840 1059 1888 mannum
1085 1821 1126 1880 ad

109 1911 354 1987 tractandum,
382 1911 442 1970 scd
469 1913 504 1970 et
530 1910 637 1986 pedes
666 1929 784 1970 eorum
811 1911 910 1989 pigri
936 1911 980 1968 ad
1008 1909 1127 1968 ambu-

111 2000 266 2059 landum.
312 2001 423 2060 Homo
452 2002 545 2059 enim
572 2001 666 2058 lecit
691 2000 778 2059 illos
806 2002 840 2059 et
868 2002 929 2076 qui
956 2000 1138 2075 spiritum

70 2109 96 2149 ao
112 2092 299 2149 mutuatus
318 2093 372 2149 est
390 2091 523 2148 fincxit
543 2090 638 2148 illos,
670 2090 779 2150 Nemo
800 2093 917 2148 antem
936 2089 1007 2147 sibi
1024 2079 1127 2147 homo

112 2180 250 2254 poterit
273 2179 452 2237 dominum
471 2180 621 2255 fingere.
664 2177 820 2237 Gumsit
844 2180 936 2238 enim
958 2177 1125 2237 mortalis

7 2287 9 2290 ·
111 2274 288 2327 mortuum
307 2269 421 2344 fingit
439 2267 602 2326 manibus
617 2268 763 2342 iniquia.
797 2267 926 2326 Melior
940 2271 994 2326 ast
1008 2270 1137 2325 autem·

110 2358 167 2416 his
186 2375 273 2433 quos
293 2356 395 2429 colit,
415 2357 582 2430 quoniam
597 2355 739 2430 quidem
753 2359 830 2431 ipse
845 2355 937 2415 vixit
956 2356 1014 2413 illi
1028 2341 1179 2416 num-:2¹⁹
1195 2355 1211 2426 'q
1229 2390 1230 2399 κ

112 2440 237 2521 quam'
281 2444 359 2513 Quid
383 2444 513 2520 amplius
537 2443 728 2518 quaerimus?
770 2444 926 2520 Sapientia
948 2463 1002 2503 nos
1026 2445 1127 2502 divina

70 2555 97 2595 as
112 2551 183 2593 voce
207 2535 357 2609 convenit,
386 2536 416 2592 et
439 2534 574 2610 quicquit
601 2535 633 2591 in
662 2535 778 2592 areanis
806 2534 854 2593 dei
875 2533 994 2593 viderat
1016 2533 1139 2607 docuit,

202 2720 238 2775 14
258 2721 323 2790 Sap.
339 2726 383 2788 15,
393 2725 509 2776 15—17.

203 2882 218 2935 1
243 2881 387 2936 Labantur
406 2885 438 2938 P.
547 2883 592 2936 dd.
608 2901 638 2953 p.
658 2882 675 2936 2
698 2883 822 2951 liquores
846 2889 870 2937 ct
894 2883 911 2936 b
934 2882 1080 2951 persuasio
1103 2889 1128 2937 et

113 2955 130 3007 8
150 2954 340 3008 substantiam
358 2961 383 3009 et
402 2954 438 3008 ll
458 2953 600 3024 prolatum
619 2955 683 3010 odd.
766 2953 954 3007 mulceatur
973 2957 1006 3020 P,
1023 2971 1048 3008 c.
1063 2953 1130 3008 ΒΜ

112 3030 183 3082 296:
205 3028 377 3096 agnoscatur
392 3043 435 3094 pr.
518 3041 591 3090 eoru
612 3029 645 3093 P,
664 3026 715 3080 Ha
733 3043 794 3080 cum
816 3025 848 3080 G.
866 3025 1047 3080 Lachmann:
1067 3024 1127 3078 eius

107 3117 154 3168 pr.
209 3096 372 3166 Sapientiae
389 3113 448 3164 uos,
467 3097 624 3166 sapientiae
641 3114 685 3166 pr.
747 3095 782 3150 14
802 3096 1008 3151 extimaucrant
1026 3099 1060 3163 P,
1078 3113 1127 3152 cm.

112 3171 169 3226 Fr.-
188 3187 226 3222 απ
243 3171 340 3224 melius
362 3170 500 3224 cadauer
517 3167 767 3223 existimaverant?
792 3169 826 3235 es.
843 3173 887 3235 75,
896 3172 942 3223 29.
962 3168 1127 3222 aestimave-

108 3243 179 3295 runt
197 3242 245 3295 Ba
260 3242 318 3295 Ha.
391 3237 429 3294 sl
448 3241 474 3294 d.
485 3258 515 3310 p.
531 3241 691 3308 quaerimus
711 3240 775 3294 odd.

204 3401 239 3455 ll
261 3402 350 3455 Motis.
370 3405 446 3467 3,15
473 3401 620 3471 (quicquid
644 3443 673 3455 ..
698 3399 786 3454 divini
813 3400 878 3469 viri)
907 3400 1019 3454 divinae
1046 3399 1128 3454 nobis

112 3473 258 3527 doctrinae
272 3473 435 3543 magisterio
449 3472 636 3527 tradiderunt.
655 3477 699 3539 91,
711 3476 728 3525 6
738 3472 882 3544 (Petosiris
891 3471 1127 3555 <et>Neohepso)

111 3544 211 3598 mundi
229 3543 388 3613 genituram
407 3544 502 3598 divino
517 3543 599 3599 nobis
614 3543 749 3598 scientiae
763 3543 927 3613 magisterio
941 3543 1127 3597 tradiderunt.

112 3618 148 3683 cf.
164 3620 242 3680 3,11.
263 3619 343 3680 7,22.
365 3619 407 3681 14,
417 3620 459 3671 18.
479 3620 523 3681 21,
534 3620 560 3669 8.
581 3619 625 3682 53,
634 3619 680 3670 27.
705 3619 805 3682 rma.
830 3618 986 3682 157,3.19.
1012 3619 1074 3682 162,
1085 3619 1128 3668 17.

914 3717 938 3766 ἢ
