2684 4062
272 213 321 266 DE
339 213 487 268 ERRORE
506 213 608 268 Paos.
623 211 702 266 ΗΕΒ.
722 212 798 267 CAP.
814 211 965 266 XX-XXI
1085 213 1129 276 55

201 383 280 442 XXI.
305 381 413 442 Omnia
431 383 567 458 symbola
585 383 727 459 profanae
746 381 900 460 religionis
919 402 972 458 per
995 382 1127 442 ordinem

112 476 317 551 suggerantur,
349 474 384 530 ut
415 472 573 548 probemus
609 473 823 547 nequissimum
861 471 975 530 hostem
1013 473 1128 548 generis

111 561 251 619 humani·
266 561 302 618 de
330 563 441 620 sanctis
467 562 541 620 baec
565 560 799 635 venerandisque
826 561 1040 636 prophetarum
1063 579 1128 618 ora·

113 650 187 708 culis
212 645 259 709 ad
273 651 477 708 contaminata
504 651 614 709 furoris
641 652 690 709 sui
712 650 823 708 scelera
845 651 1042 709 transtulisse.
1078 648 1165 707 Ina
1209 681 1212 686 -

85 741 246 804 svenimus
274 741 353 797 enim
379 740 424 798 ita
452 739 524 798 dici:
552 737 620 797 uici
643 738 764 817 δίκερως
788 738 922 818 δίμορφε.
969 739 1049 799 Deus
1072 739 1128 797 iste

113 830 210 888 vester
232 848 292 887 non
315 828 451 888 biformis
475 831 529 902 est,
556 829 607 888 sed
630 828 837 888 multiformis:
860 829 893 886 in
914 829 1025 886 multas
1049 828 1128 886 enim

112 919 224 992 species
248 919 390 976 venenati
416 919 476 976 oris
503 919 600 977 forma
623 919 764 976 mutatur.
811 917 879 992 Ipse
904 919 949 976 est
972 915 1129 976 basiliscus

112 1008 143 1065 et
169 1009 294 1083 scorpio,
322 1009 375 1082 qui
400 1006 533 1066 fidelium
566 1007 676 1065 securis
708 1008 843 1083 vestigiis
875 1007 1034 1081 premitur:
1065 1006 1129 1082 ipse

111 1096 280 1156 malitiosus
304 1096 419 1172 anguis,
443 1098 527 1154 cuius
551 1099 642 1171 caput
666 1095 784 1172 quaerit
802 1094 927 1170 decepta
945 1095 1129 1154 mortalitas:

71 1209 98 1248 ιο
111 1185 175 1259 ipse
197 1187 350 1244 tortuosus
379 1185 476 1261 draco,
505 1185 557 1261 qui
579 1186 668 1243 hamo
699 1184 825 1258 ducitur,
850 1186 902 1259 qui
924 1185 1061 1260 captivus
1084 1186 1130 1242 in·

83 1275 84 1278 ’
113 1272 251 1334 cluditur.
296 1273 357 1332 Iste
385 1274 456 1333 deus
485 1277 583 1334 vester
604 1273 731 1333 Lernaei
759 1273 865 1350 anguis
889 1273 1020 1332 crinibus
1045 1273 1131 1331 ador·

111 1364 209 1421 natur.
251 1362 348 1422 Viden
381 1365 415 1422 ut
446 1381 584 1438 percusso
617 1362 736 1420 domino
768 1364 959 1421 morientium
988 1361 1130 1438 anguium

112 1449 202 1508 turba
229 1449 389 1510 succedat?
425 1451 503 1521 Quid
531 1454 573 1511 sic
600 1450 822 1512 renascentibus
850 1451 952 1525 hydris
976 1448 1130 1526 pullulas?

114 1539 192 1609 Quid
218 1538 249 1598 te
276 1540 403 1600 fecunda
431 1541 573 1600 scelerum
591 1540 701 1600 ¹sobole
725 1537 890 1615 conponis?
931 1539 1037 1598 Mortis
1060 1544 1129 1599 tuae
1149 1545 1165 1593 3

72 1653 98 1693 aa
114 1630 195 1687 viam
218 1628 386 1703 didicimus,
409 1629 518 1689 scimus
542 1628 649 1705 quibus
672 1628 810 1688 remediis
826 1625 908 1688 'artis
926 1631 997 1687 tuae
1015 1647 1129 1688 venena
1232 1663 1245 1676 ..

113 1719 280 1778 vincantur.
319 1717 430 1778 Christi
452 1718 643 1778 inmortalem
668 1719 845 1794 sangninem
867 1717 1005 1791 bibimus,
1028 1719 1130 1776 nostro

113 1809 254 1884 sanguini
277 1807 390 1866 Christi
412 1809 534 1884 sanguis
558 1805 716 1867 adiunctus
738 1810 790 1866 est.
836 1807 902 1866 Hoc
927 1809 972 1866 est
999 1807 1131 1866 salutare

112 1896 276 1955 remedium
299 1896 443 1956 scelerum
465 1900 594 1970 tuorum,
617 1892 739 1973 (quod)
763 1895 885 1955 cottidie
909 1915 927 1954 a
950 1898 1060 1955 vitiata
1083 1897 1132 1954 dei

113 1985 199 2060 plebe
222 1987 411 2045 mortiferum
433 1987 516 2046 virus
539 1985 677 2044 excludit.
721 1984 792 2054 Quis
816 1986 904 2045 deum
926 1985 1017 2044 istum
1041 2005 1130 2062 quem

73 2097 100 2138 ao
114 2073 262 2152 plangunt
284 2093 350 2133 cum
374 2076 512 2135 cornibus
535 2073 634 2135 vidit?
657 2074 738 2144 Quae
757 2078 827 2134 sunt
845 2077 905 2134 ista
923 2093 1035 2134 cornua
1054 2093 1130 2150 quae

114 2163 223 2222 habere
246 2182 276 2223 se
300 2163 415 2224 iactat?
446 2165 517 2223 Alia
540 2167 611 2224 sunt
634 2183 746 2223 cornua
764 2182 840 2239 quae
858 2164 1005 2239 propheta
1028 2165 1131 2223 sancto

115 2253 222 2327 spiritu
250 2251 371 2314 iubente
399 2257 610 2329 conmemorat,
637 2272 713 2329 quae
741 2257 776 2311 tu
798 2253 916 2312 diabole
940 2253 978 2311 ad
1001 2253 1131 2312 macula-

114 2343 179 2400 tam
210 2342 317 2402 faciem
348 2346 433 2401 tuam
466 2345 554 2418 putas
584 2346 613 2401 te
642 2361 728 2417 posse
751 2343 920 2401 transferre.
967 2341 1052 2400 Unde
1074 2341 1168 2400 ubic

205 2474 268 2530 dd.
284 2482 348 2529 aute
367 2475 401 2529 de
421 2475 486 2529 add.
560 2474 654 2529 danis
675 2478 707 2530 P.
776 2474 1011 2530 decrudescit
1031 2477 1063 2541 P,
1082 2493 1131 2530 cm.

117 2547 256 2601 Dieterich
275 2547 454 2613 (Mitdrueiit.
469 2565 499 2615 p.
514 2551 592 2614 215),
614 2550 649 2614 cf.
665 2546 716 2601 Fr.
731 2550 815 2616 258q.
840 2546 903 2600 εὐοῖ
927 2546 969 2601 eci
995 2555 1050 2600 παῖ
1075 2547 1132 2613 Bu,

116 2613 185 2671 educ
203 2619 295 2689 Bergk
309 2618 403 2685 (PLG
424 2620 477 2673 ΠΙ
483 2618 492 2648 ⁴
506 2636 536 2687 p.
553 2621 629 2686 658),
720 2617 738 2670 6
757 2617 939 2671 multiformis
957 2617 989 2670 In
1010 2619 1041 2671 P.

116 2689 162 2742 dd.
173 2706 203 2758 p.
224 2689 242 2743 8
266 2689 375 2758 scorpio
395 2697 419 2745 et
442 2689 460 2742 i)
484 2689 585 2760 anguis
604 2696 629 2744 ct
652 2688 689 2742 1o
714 2689 798 2743 draco
817 2695 841 2743 ct
861 2687 974 2742 ducitur
994 2689 1059 2743 add.

116 2760 134 2814 9
154 2759 247 2827 quatit
268 2761 312 2827 Oe,
336 2767 366 2815 at
384 2762 489 2828 confeci
507 2762 556 2814 Bu
580 2761 675 2815 Gener.
695 2761 755 2826 ΙΙΙ,
771 2764 805 2814 15
834 2757 919 2822 αὑτός
946 2776 997 2813 σου
1019 2758 1132 2828 τηρήσει

115 2831 251 2900 κεφαλήν,
270 2833 342 2902 qdod
358 2832 691 2903 demandandum
702 2837 731 2898 9)
746 2832 881 2886 reddidit:
903 2831 965 2899 ipse
984 2835 1065 2884 tuum
1083 2831 1131 2884 ob·

116 2902 240 2957 servabit
259 2905 350 2972 caput.
445 2903 479 2956 11
499 2902 589 2956 lernei
609 2906 641 2958 P.
733 2901 939 2969 levidense,
958 2920 1006 2956 ern.
1021 2904 1078 2956 Bu.

117 2974 155 3028 le
177 2975 328 3028 uincantur
350 2990 418 3029 corr.
435 2977 463 3029 P
482 2982 514 3029 ut
537 2975 647 3029 videtur
668 2992 703 3029 ex
724 2975 883 3028 uincuntur.
994 2973 1031 3027 18
1049 2977 1133 3028 morri

116 3046 233 3101 cottidie
262 3045 357 3099 eficiat
385 3046 433 3099 adi
460 3048 498 3100 P.-
525 3045 600 3114 quod
624 3046 688 3100 add.
709 3047 757 3100 Bu
777 3047 918 3112 (emmaum
941 3051 1005 3100 autc
1028 3048 1132 3112 cotti),

115 3118 169 3172 hoc
188 3118 246 3172 Ha.
302 3133 319 3170 a
338 3117 438 3171 vitiata
457 3117 515 3184 Ha,
534 3119 569 3185 cf.
584 3119 672 3184 intra,
691 3133 708 3170 a
726 3116 818 3170 filiata
837 3117 892 3170 Bu.
961 3116 999 3170 22
1018 3117 1133 3170 iuuenis

118 3192 150 3255 P,
170 3207 219 3244 cm.
234 3190 290 3243 Bu.

207 3313 243 3367 11
265 3315 356 3369 Mutii.
370 3318 481 3380 246,24
500 3313 597 3383 spissis
617 3312 785 3382 capillorum
808 3312 932 3366 crinibus
951 3312 1131 3366 edomantur.

118 3383 156 3438 le
175 3386 210 3452 cf.
226 3388 269 3452 12,
280 3390 306 3441 9.
380 3384 417 3438 18
436 3387 546 3440 verbum
564 3384 665 3438 vitiare
683 3385 828 3454 quinquies
846 3391 935 3440 enatat
952 3385 984 3437 iu
1002 3383 1132 3449 Matbcci,

113 3457 298 3525 participium
320 3457 437 3510 vitiatus
459 3458 558 3511 eccr'es:
583 3455 923 3512 X0111'111c.0114.
945 3458 969 3508 7.
999 3453 1134 3508 XCVII'

118 3529 254 3582 12126.
275 3527 481 3583 0V111'132.
545 3527 583 3581 19
604 3528 694 3582 Mutii.
711 3531 800 3594 33,17
814 3526 891 3580 illius
907 3526 1032 3580 animam
1046 3525 1133 3595 pesti-

118 3597 208 3652 ferum
227 3600 327 3653 veneni
344 3599 420 3652 virus
440 3598 568 3666 exclusit,
589 3599 624 3665 cf.
640 3599 678 3651 ud
695 3602 739 3665 43,
751 3602 793 3653 19.
