2684 4062
237 230 285 283 DE
305 229 453 284 ERRORE
472 228 574 284 PROF.
588 229 668 284 RRL.
688 229 976 284 CARXXV-XXVI
1071 232 1113 296 67

102 401 140 460 ad
161 399 387 459 inmortalitatis
410 399 569 475 imperium
590 394 794 460 oboedientiae
812 401 919 460 merito
937 402 1115 476 perveniret.

102 490 179 560 Quia
200 489 302 564 itaque
326 488 521 548 sacratissimi
539 490 733 564 imperatores
752 491 877 550 curiosis
900 489 1022 548 auribus
1041 491 1097 548 sat'

102 580 232 654 fecimus,
245 579 362 654 reliqua
375 596 596 654 persequamur,
609 570 612 659 1
628 598 665 636 ne
679 580 726 638 vel
741 581 784 637 sie
797 579 983 654 pollutarum
998 581 1115 638 aurium
1125 595 1167 642 sor.
1179 586 1221 630 aar

103 663 204 728 sordes
226 667 386 743 purificans
409 667 505 744 possit
528 685 624 727 sermo
647 687 785 745 purgare.

77 794 88 834 s
191 774 296 833 XXVI.
330 773 473 849 Sequitur
504 775 601 834 adhuc
634 774 718 833 alind
749 775 917 850 symbolum
950 775 1029 850 quod
1061 795 1115 851 pro

103 882 210 942 magno
233 864 409 923 miserorum
432 863 588 922 hominum
611 863 738 922 credulis
761 865 882 924 auribus
905 865 1049 924 traditur:
1128 872 1130 875 ’

204 979 312 1050 ταῦρος
335 968 496 1049 δράκοντος
528 968 577 1029 καὶ
609 970 720 1050 ταύρου
753 969 872 1049 δράκων
902 969 1008 1051 πατήρ.
1131 994 1188 1042 (119)

102 1078 273 1155 Aliquando
292 1078 377 1136 nobis
397 1079 483 1155 signa
501 1078 620 1136 diabole
638 1080 784 1137 maculati
802 1077 931 1136 nominis
949 1079 1118 1154 prodidisti,

104 1168 265 1243 aliquando
278 1167 390 1226 infame
404 1185 512 1226 nomen
526 1167 648 1243 propria
662 1185 733 1227 voce
748 1167 900 1226 confessus
915 1187 953 1227 es.
983 1167 1050 1227 Seio
1066 1170 1119 1244 qui

63 1277 90 1316 ro
104 1257 207 1316 fueris·
224 1255 297 1332 quid
312 1274 400 1315 ausus
415 1258 464 1329 sis,
479 1256 539 1315 seio
555 1257 627 1332 quid
641 1257 747 1315 fecerit
760 1257 904 1314 scelerum
917 1259 1037 1315 tuorum
1055 1276 1118 1315 ma·

104 1347 207 1405 litiosa
229 1346 389 1420 persuasio.
432 1344 497 1404 Hoc
525 1343 592 1428 erat
611 1346 692 1420 quod
711 1346 793 1405 Evae
811 1364 879 1404 cum
898 1364 964 1403 eam
982 1345 1118 1423 perderes

105 1454 284 1511 magnopere
314 1433 516 1510 pollicebariS,
547 1453 613 1494 cum
643 1435 670 1493 ei
699 1435 823 1494 diceres:
855 1429 985 1493 ‘Eritis
1016 1435 1120 1511 quasi

106 1518 181 1582 dii’.
228 1524 312 1581 Tune
334 1525 395 1580 iam
417 1523 546 1599 parabas
568 1523 626 1581 tibi
649 1543 683 1582 ac
705 1526 766 1582 tuis
790 1524 915 1600 templa,
944 1527 974 1582 et
997 1524 1120 1582 delubra

105 1612 245 1686 faciebas,
269 1615 300 1671 et
318 1613 457 1670 venenati
478 1611 538 1671 oris
556 1612 699 1672 inluviem
723 1613 845 1671 nefariis
864 1613 1033 1672 cerimoniis
1051 1601 1119 1672 eon-

65 1720 92 1762 as
107 1701 250 1760 seorabas.
285 1699 386 1776 Serpis
404 1704 438 1759 in
457 1701 585 1777 templis,
605 1701 635 1760 et
654 1701 818 1762 occisarum
831 1701 997 1761 hostiarum
1011 1705 1119 1762 misero
1140 1712 1156 1758 a

63 1831 68 1839 -
105 1791 235 1868 pasceris
263 1792 423 1867 sanguine,
450 1809 504 1850 nec
527 1792 649 1850 venenis
672 1792 732 1850 tuis
756 1810 843 1850 cruor
865 1791 973 1866 defuit,
1001 1809 1055 1850 nec
1078 1810 1121 1850 se-

106 1884 221 1939 mustae
240 1882 437 1939 crematorum
456 1898 613 1956 corporum
630 1883 741 1956 partes,
759 1881 960 1939 humanarum
981 1884 1010 1938 te
1031 1881 1121 1960 etiarn

107 1971 297 2029 victimarum
328 1969 500 2044 frequenter
532 1970 677 2048 sanguine
714 1972 890 2044 cruentasti,
928 1973 958 2028 et
989 1969 1121 2028 Latiaris

106 2060 224 2134 templi⁴
236 2073 353 2117 cruore·
373 2059 422 2117 vel
445 2077 498 2118 ara
517 2059 705 2137 Kartaginis·
724 2059 822 2118 rabies
845 2062 900 2118 tua
923 2063 952 2118 et
975 2061 1122 2119 siccarum

67 2167 93 2206 ao
107 2149 239 2208 saucium
262 2167 375 2206 venena
398 2148 513 2206 nutrita
536 2152 613 2208 sunt.
653 2149 700 2206 Tu
722 2149 796 2207 haec
818 2149 930 2207 faciens
953 2149 1122 2208 hominibus

107 2240 138 2296 te
166 2238 283 2296 miseris
315 2237 457 2313 prodesse
489 2238 598 2311 iactas,
629 2241 664 2296 ut
693 2237 871 2297 erudelitate
901 2240 954 2295 tua
985 2238 1124 2313 perimas,

199 2424 236 2477 la
258 2424 325 2479 Gen.
341 2428 367 2490 3,
382 2429 406 2478 5.

200 2583 438 2652 Rpcrsequamur
454 2585 457 2655 t
474 2583 516 2637 Nc
539 2583 586 2638 uel
605 2587 638 2652 P,
661 2585 693 2637 nt
715 2585 758 2638 vel
783 2603 845 2640 cum
862 2587 906 2641 Fa
918 2603 960 2654 pr.
999 2587 1125 2652 ‘fortasse

110 2672 182 2710 anne
206 2654 260 2709 vel’
282 2657 338 2710 Bu.
372 2657 440 2725 ‘epae
458 2657 554 2710 malim
576 2658 610 2709 nt
628 2658 696 2725 (aiae
714 2656 768 2724 vel)
774 2678 784 2723 ;
807 2675 874 2712 uam
891 2659 1000 2712 uidetur
1018 2659 1048 2710 ia
1067 2657 1124 2712 eod.

109 2728 211 2783 uitiata
230 2728 305 2782 lectio
324 2743 359 2781 ne
378 2735 403 2782 et
420 2745 484 2782 aera
503 2731 543 2794 ut,
563 2745 632 2796 quae
649 2744 703 2782 eoo
720 2730 799 2783 toties
816 2731 847 2782 iu
864 2729 912 2784 uel
926 2731 977 2798 (ut)
997 2729 1076 2794 obiit,
1095 2729 1126 2782 ie

109 2817 198 2854 unum
226 2799 383 2853 coniuncto’
405 2800 462 2853 Ha.
496 2800 536 2853 At
558 2805 596 2853 est
618 2799 691 2852 illud
709 2815 744 2853 ne
759 2826 792 2846 =
809 2801 833 2852 si
851 2799 933 2868 forte,
956 2801 991 2866 cf.
1007 2801 1126 2863 Rdreeeb,

110 2873 147 2927 It.
162 2889 189 2924 u.
206 2871 283 2940 Vulp.
295 2875 356 2937 401,
371 2871 498 2925 Heraeus
512 2871 594 2924 Arcti.
609 2873 630 2937 f.
645 2871 713 2925 Lex.
727 2871 805 2924 XIV
819 2875 888 2937 123;
911 2873 945 2938 ef.
961 2876 1034 2939 80,1
1055 2872 1125 2939 (St).

112 2943 126 2996 7
149 2941 263 3011 δράκων
280 2940 386 3009 ταύρου
401 2941 468 3008 Wo,
490 2948 520 2996 ct
538 2948 606 2997 recte
623 2950 713 2997 mouet
730 2943 779 2996 Bu
797 2944 918 3016 Pirme'es‘
930 2945 1026 3012 potius
1044 2961 1126 3012 quam

109 3016 224 3070 librarii
246 3014 328 3082 culpo
347 3030 464 3068 errorem
482 3020 572 3068 ortam
589 3013 683 3068 uideri.
758 3013 776 3067 9
793 3021 856 3083 post
874 3032 903 3068 es
921 3032 1023 3069 rasura
1041 3016 1127 3069 emtus

111 3087 218 3142 litterae
236 3102 305 3154 quae
323 3087 336 3138 t
354 3086 454 3151 fuerat.
512 3084 548 3137 14
564 3084 722 3138 cerimoniis
738 3088 771 3152 P,
787 3086 951 3140 ceremoniis
969 3103 1004 3156 pr
1017 3093 1128 3155 praeter

9 3197 10 3200 ,
114 3157 157 3212 Oe.
231 3156 269 3210 16
289 3156 380 3210 defuit
398 3156 457 3210 Nec
476 3160 611 3211 semusta
626 3158 659 3223 P,
679 3173 707 3210 se
726 3156 821 3212 inusto
840 3159 881 3212 cel
899 3174 928 3211 sc
947 3160 1040 3211 musto
1062 3159 1127 3228 lepe-

111 3231 180 3284 baat
193 3246 232 3298 pr
250 3235 276 3282 et
295 3228 450 3283 scribebant
473 3227 623 3282 semiustae
647 3245 708 3282 cum
724 3229 774 3284 Wo
794 3233 836 3296 (se
854 3228 960 3282 iniusto
974 3229 1038 3296 Pl.)

113 3300 149 3353 17
171 3300 196 3352 d.
211 3317 238 3368 p.
254 3302 347 3368 partes
362 3300 426 3354 odd.
492 3298 529 3353 19
548 3299 712 3370 Kartaginis
725 3299 819 3354 rabies
834 3302 895 3353 tue·
912 3303 945 3355 P.
1001 3299 1036 3353 21
1057 3301 1130 3355 cocis

112 3372 203 3424 iactae
223 3373 327 3426 litterae
345 3372 404 3425 iaot
423 3389 440 3424 o
459 3388 478 3439 p
495 3377 649 3426 renovatae.

204 3547 241 3602 14
260 3550 295 3616 ef.
311 3553 355 3615 55,
366 3554 391 3604 7.
466 3549 555 3604 Mara.
574 3547 735 3604 01101138
755 3551 830 3604 caesi
850 3549 1027 3618 sempiternis
1043 3549 1130 3603 caeri-

113 3620 217 3675 moniis
235 3624 441 3674 consecrantur.

935 3710 970 3764 ὃ*
