2684 4062
282 201 283 204 ‘
310 232 357 286 aa
376 231 524 286 nascas
543 231 647 287 Paos.
660 233 741 286 aun.
757 231 834 287 cur.
848 233 912 286 xru
1076 231 1119 295 33

107 403 242 463 custodit.
293 401 352 461 Sed
379 407 409 460 et
436 403 468 459 in
494 404 560 477 ipso
581 397 748 461 'simulacro
771 404 849 461 sicut
875 405 907 460 in
930 405 1048 462 ceteris·
1063 401 1064 406 ’
1081 405 1152 463 ext

109 493 233 553 assiduis
253 491 403 551 sacrifieiis
423 491 569 549 immundi
589 491 766 550 daemonum
784 492 908 566 spiritus
928 494 1125 570 colliguntur.'

108 583 191 642 Nihil
214 583 294 640 enim
317 583 479 659 operantur
502 581 641 639 victimae
665 584 695 639 et
718 599 804 639 cruor
832 601 866 640 ex
890 583 1011 641 assidua
1033 597 1120 657 peco-

109 673 176 731 dum
207 671 295 730 caede
324 670 476 746 profusus,
506 670 566 728 nisi
594 673 628 728 ut
658 669 835 729 daemonum
866 663 1034 730 substantia
1069 665 1121 747 qui

85 785 95 823 s
110 760 220 820 diaboli
242 760 447 836 procreatione
467 762 656 836 generantur,
681 777 715 817 ex
728 761 788 818 isto
803 760 946 838 sanguine
961 763 1120 820 nutriatur.

109 851 186 909 Nam
208 849 252 907 ita
276 869 338 908 esse
361 849 546 924 Porphyrius
575 848 712 906 defensor
740 865 904 908 sacrorum·
937 851 1031 910 hostis
1059 850 1120 909 dei·

109 939 244 999 veritatis
267 938 416 996 inimicus·
446 939 658 997 sceleratarum
681 940 793 996 artium
817 939 971 1015 magister·
997 935 1001 1016 Ι
1025 942 1171 997 mani-sc-
1186 941 1228 985 1³³

108 1030 191 1107 festis
221 1027 306 1087 nobis
330 1025 558 1102 probationibus
581 1026 720 1100 prodidit.
767 1027 802 1085 In
830 1027 913 1086 libris
942 1030 1021 1087 enim
1049 1046 1122 1104 quos

110 1118 243 1194 appellat
265 1113 331 1195 περὶ
354 1123 406 1192 τῆς
434 1113 466 1174 ἐκ
488 1115 595 1194 λογίων
624 1116 817 1191 φιλοσοφίας,
845 1119 1031 1176 maiestatem
1060 1117 1123 1176 eius

72 1231 96 1270 so
110 1207 283 1282 praedicans
308 1206 343 1263 de
365 1204 540 1264 infirmitate
569 1206 721 1264 confessus
749 1209 801 1264 est.
848 1204 895 1262 In'
911 1209 1016 1280 primis
1045 1207 1124 1265 enim

109 1297 257 1356 librorum¹
275 1293 421 1368 partibus,
444 1295 475 1352 id
498 1298 543 1353 est
565 1296 598 1351 in
619 1295 693 1368 ipsis
718 1295 858 1369 auspiciis
881 1295 1010 1368 positus
1034 1296 1123 1353 dixit:

111 1380 269 1458 ‘Serapis
288 1387 452 1457 vocatus,
467 1386 501 1441 et
519 1385 617 1441 intra
637 1401 765 1458 corpus
784 1384 937 1442 hominis
957 1386 1124 1444 conlatus

110 1474 203 1532 talia
225 1468 433 1551 respondit?
472 1472 582 1530 Dicant
600 1468 683 1530 nuno
697 1471 771 1529 mibi
790 1473 902 1546 perditi
919 1473 1053 1532 homines
1073 1477 1125 1550 qui
1144 1486 1160 1532 5

110 1565 212 1638 potior
230 1566 283 1638 est,
302 1564 355 1637 qui
374 1565 460 1620 vocat
478 1564 509 1619 et
525 1563 656 1634 imperat
674 1565 705 1620 et
722 1561 858 1636 includit,
878 1581 916 1620 an
931 1565 983 1637 qui
1002 1566 1126 1622 vocatur

73 1675 97 1716 ιο
112 1655 141 1712 et
163 1654 258 1727 paret,
282 1654 313 1709 et
335 1670 402 1709 cum
424 1651 540 1709 venant
566 1650 598 1707 in
625 1650 815 1725 suscipientis
837 1651 967 1710 hominis
990 1666 1124 1726 corpore·

110 1744 260 1818 potestate
290 1739 421 1798 iubentis
456 1737 641 1797 includitur?
680 1738 800 1798 Gratias
831 1742 948 1817 agimus
979 1741 1126 1818 Porphyri

111 1831 196 1890 libris
219 1830 294 1889 tuis:
327 1829 448 1887 deorum
476 1832 595 1887 tuorum
624 1829 709 1888 nobis
737 1829 937 1898 substantiam
959 1831 1126 1905 prodidisti.

111 1921 277 1978 Didioimus
300 1938 355 1994 per
382 1921 412 1976 te
437 1920 584 1993 quatenus
613 1918 656 1976 dii
683 1920 729 1976 tui
756 1919 926 1978 hominibus
954 1919 1126 1980 iubentibus

113 2009 252 2069 serviant.
306 2006 425 2083 Serapis
455 2011 525 2065 tuus
557 2008 593 2066 ab
624 2008 743 2067 homine
773 2013 899 2068 vocatur
921 2013 952 2067 et
975 2010 1066 2084 venit,
1097 2012 1127 2068 et

73 2125 98 2164 so
113 2117 180 2158 cum
199 2096 314 2157 venerit
331 2097 435 2156 statim
448 2098 548 2156 iussus
562 2097 735 2172 includitur,
760 2101 790 2156 et
803 2098 947 2173 loquendi
968 2100 1128 2158 necessitas

113 2187 227 2246 nolenti
256 2188 385 2246 forsitan
414 2187 587 2261 imperatur.
641 2185 690 2243 Sic
720 2190 794 2261 aput
828 2206 882 2245 nos
913 2188 982 2246 deos
1012 2191 1163 2246 vostrost

204 2356 240 2410 12
261 2357 396 2425 Porpbpr.
411 2356 506 2423 reliqu.
518 2373 547 2422 p.
564 2360 614 2409 111
631 2355 722 2420 Wolff.

206 2482 221 2533 l
241 2482 267 2534 d.
278 2499 308 2549 p.
324 2479 424 2534 ceteris
438 2480 504 2533 odd.
570 2479 589 2532 3
608 2478 723 2550 uictima
738 2480 788 2532 Hc
802 2493 864 2529 cam
878 2477 912 2539 P,
928 2481 1038 2536 animae
1047 2499 1092 2550 pr.

113 2552 254 2622 pecudum
264 2569 310 2620 pr.
348 2551 406 2604 bd.
413 2569 444 2619 p.
454 2552 625 2620 generantur
634 2550 698 2603 odd.
736 2549 1130 2619 bistacsseecmPBuHa,

113 2642 162 2680 cra.
180 2625 230 2677 Wo
245 2628 333 2689 (error
346 2625 377 2676 iu
391 2623 480 2676 coelice
495 2629 570 2676 crtus
583 2638 617 2675 ca
630 2618 684 2674 isto
699 2621 894 2690 praecedenti).
969 2627 1082 2678 sacrorsi
1097 2627 1130 2691 P,

115 2695 273 2750 Stoicorum
288 2695 335 2760 Ic,
354 2693 567 2747 simulacrorum
586 2693 644 2758 Ha,
655 2692 811 2759 ¹(1dolorum
830 2695 862 2746 cc'.
881 2695 943 2762 Gr).
993 2695 1082 2749 hostis
1097 2729 1130 2736 —-

114 2767 251 2836 magister
266 2767 468 2819 Wlmocasc‘us
486 2771 511 2818 ct
530 2764 769 2830 Reifferscheidias
788 2766 819 2818 οη
837 2767 927 2820 codice
946 2768 1131 2836 disperserunt,

113 2841 210 2908 irrepta
219 2855 265 2906 pr.
280 2838 480 2892 Distinetioccs
498 2837 554 2890 loco
573 2837 761 2890 obscurissimo
781 2837 882 2905 dispici
900 2855 956 2892 acc
969 2846 1094 2906 possunt.

114 2929 134 2983 9
154 2929 275 2984 ΛΟΓΙΟΝ
296 2927 328 2980 Ρ.
408 2914 442 2979 11
466 2919 559 2980 libdrd
577 2927 610 2980 P.
636 2927 724 2980 Verba
741 2926 772 2978 id
792 2929 834 2980 est
849 2959 880 2966 —
896 2927 1005 2996 positus
1023 2937 1091 2983 recte
1104 2948 1132 2984 sc

114 3001 256 3066 baccata.
269 3000 351 3054 Kroll
367 3000 442 3053 Mus.
453 2998 539 3052 Rhea.
551 2999 616 3052 LII
628 3002 689 3064 590,
704 2997 800 3053 ΜΒ.
838 2999 982 3068 (auspiciis
996 3000 1133 3069 impostu-

113 3089 163 3125 rae
176 3071 208 3126 G.
222 3071 313 3137 Wolff,
327 3069 461 3138 auspiciis
476 3069 567 3138 operis
582 3069 625 3122 sui
641 3071 698 3135 Hc,
713 3075 797 3124 totam
805 3072 984 3138 parenthesin
998 3073 1048 3126 del.
1063 3074 1132 3140 Wo).

116 3141 252 3212 auspiciis
263 3169 296 3188 =
307 3167 358 3195 -ο-
378 3158 432 3196 csse
451 3142 526 3195 docet
543 3143 677 3224 clausula.
771 3139 806 3224 ¹.3
831 3142 883 3224 qui·
903 3143 998 3210 potior
1015 3145 1050 3210 P,
1069 3145 1132 3212 quis

115 3233 178 3269 cum
197 3213 237 3268 Fc
253 3215 312 3268 edd.
376 3213 411 3266 17
432 3214 571 3281 d.p.tu1s
590 3214 655 3267 add.
720 3211 757 3266 18
775 3214 913 3280 iuuent1b3
934 3216 966 3268 P.

207 3338 225 3392 2
246 3337 540 3407 Matc.123,cpravi
560 3337 728 3390 daemonum
746 3337 870 3405 spiritus.
891 3343 925 3392 15
944 3338 1133 3407 malignorum

117 3411 287 3464 daemonum
297 3410 406 3479 spiritu.
445 3410 463 3463 5
478 3411 512 3477 cf.
524 3413 600 3475 o‚18.
638 3408 656 3462 6
672 3409 958 3464 Matauxxxlxr
965 3412 1027 3465 123
1039 3411 1134 3464 noster

118 3481 299 3550 Porphyrius.
356 3481 370 3535 7
394 3483 585 3550 Maraccas
600 3483 769 3534 secretarum
784 3481 959 3549 quarundam
973 3481 1076 3534 artium
1091 3523 1097 3533 .
1111 3524 1133 3534 ..

116 3553 278 3622 magistros.
305 3557 579 3620 158‚12=168,24
596 3551 795 3605 absconsuram
814 3552 1010 3620 (quarundam)
1030 3551 1134 3606 artium

117 3625 277 3694 magistros.
306 3629 369 3691 170,
378 3629 415 3680 21
435 3625 620 3678 oratoriarum
639 3640 664 3676 a.
679 3641 715 3676 m.
741 3627 832 3690 211,5
851 3622 1011 3678 liberalium
1026 3641 1049 3676 a.
1061 3642 1097 3677 m.

173 3735 288 3774 rumen·
302 3734 421 3773 macomus
436 3733 470 3773 su.
485 3732 608 3780 ziegler.
953 3711 973 3764 t
