2684 4062
228 223 271 286 42
572 223 709 278 FIRM'ICI
727 225 897 279 Missam

227 393 279 451 nia
302 393 460 452 commissa
487 393 544 452 sibi
567 394 621 452 aut
648 394 770 453 amittat
793 397 846 453 aut
868 395 981 470 perdat.
1028 392 1126 453 Solem
1151 395 1242 452 etiam

228 481 350 556 quidam
373 482 544 557 Apollinem
576 483 688 558 dieunt,
721 486 793 559 quia
822 483 945 543 cottidie
975 485 1007 542 in
1040 501 1147 542 oooasu
1175 501 1241 542 oon·

228 573 352 630 stitutus
376 571 564 647 splendorem
586 572 708 631 luminis
731 573 850 649 perdat:
873 573 994 649 perdere
1018 576 1119 631 autem
1137 571 1242 631 Graeci

116 676 158 722 sor.
171 675 215 715 rer
229 660 342 736 apollin
370 660 480 720 dieunt.
513 660 630 720 Videtis
651 654 656 742 l
676 663 712 720 ut
728 657 845 739 <istos>
864 663 1085 721 commenticios
1105 664 1135 720 et
1157 660 1241 721 fiotos

192 749 298 814 4deos
325 749 517 822 turbulentus
545 769 626 810 error
648 746 889 829 <ex>oog<itet>‚
917 755 952 809 nt
979 751 1241 826 superstitionibus
1272 779 1283 818 5

151 853 212 902 (roe)
228 837 358 897 anilibus
387 842 416 897 et
439 841 552 898 formae
575 839 661 900 nobis
686 839 808 899 deorum
826 835 1047 918 <gene>rentur
1064 843 1095 898 et
1112 841 1241 899 nomina.

229 925 286 988 Sed
309 927 382 986 haee
405 929 505 987 omnia
527 931 640 988 veritas
664 929 776 988 detexit
800 929 930 998 stratio
954 947 1044 988 sanae
1067 929 1176 988 mentis
1197 930 1242 987 in·

227 1016 320 1091 venit,
342 1020 376 1075 ut
398 1017 588 1095 investigatis
617 1018 753 1077 omnibus
779 1015 871 1093 atque
895 1018 1028 1094 detentis,
1053 1037 1129 1094 quae
1153 1020 1241 1078 seori-

227 1106 312 1183 legus
335 1124 417 1164 error
440 1107 644 1182 abseonderat,
661 1109 773 1166 veritas
792 1109 897 1167 renata
915 1109 1034 1166 luceret.
1062 1107 1145 1166 Haeo
1163 1107 1243 1166 enim

228 1195 328 1253 omnia
360 1214 428 1253 oum
461 1198 559 1254 essent
585 1198 663 1255 male
691 1197 846 1272 oonposita
873 1199 982 1256 terrori
1008 1197 1137 1272 primum
1160 1198 1242 1256 fuere
1260 1227 1284 1265 10

227 1283 412 1358 mortalibus,
445 1284 550 1343 dehine
583 1289 759 1361 consumpta
790 1287 925 1346 novitate
962 1288 1049 1362 quasi
1081 1305 1116 1344 er
1152 1287 1242 1363 longa

226 1471 365 1525 Venerem
392 1471 481 1526 nostri
508 1473 730 1541 nominaverunt,
760 1477 845 1542 atque
872 1491 907 1527 ex
934 1489 968 1527 ee
995 1473 1089 1542 potius
1113 1476 1243 1528 venustas

226 1560 312 1611 quam
326 1543 421 1597 Venus
436 1561 470 1596 ex
488 1547 642 1598 venustate.
662 1545 807 1599 Videtisne
826 1545 922 1616 igitur,
939 1548 973 1598 ut
987 1563 1004 1597 a
1017 1545 1142 1614 physicis
1160 1546 1244 1599 rebus

129 1650 130 1654 =
226 1615 297 1669 bene
321 1617 405 1683 atque
428 1615 537 1669 utiliter
559 1616 680 1671 inventis
703 1620 794 1671 tracta
819 1616 891 1671 ratio
916 1616 953 1670 sit
975 1616 1012 1669 ad
1036 1617 1244 1680 commenticios

227 1690 256 1740 et
274 1687 352 1740 liotos
373 1686 457 1740 deos?
480 1704 551 1754 quae
566 1705 609 1742 res
624 1689 723 1758 genuit
736 1689 823 1742 falses
842 1688 987 1757 opiniones
1006 1703 1168 1756 erroresque
1186 1693 1244 1742 tur-

226 1757 357 1811 bulentos
376 1761 405 1811 et
424 1759 636 1826 superstitiones
655 1777 745 1829 paene
764 1759 862 1814 aniles.
894 1758 931 1812 Et
950 1760 1057 1814 formae
1074 1759 1149 1814 enim
1162 1760 1244 1814 nobis

227 1829 343 1883 deorum
358 1833 387 1882 et
401 1831 509 1884 aetates
524 1833 553 1884 et
567 1831 685 1884 vestitus
700 1835 871 1900 ornatusque
884 1830 946 1884 noti
960 1834 1033 1885 sunt.
1089 1832 1109 1886 9
1123 1833 1243 1886 Pseudo·

229 1900 344 1970 Qoa'ats'l.
360 1901 471 1955 declam.
487 1902 536 1955 IV
547 1908 597 1956 14:
616 1902 693 1956 Haec
708 1903 800 1970 credo,
814 1906 902 1972 pater,
921 1903 1021 1956 terrori
1040 1903 1138 1971 primis
1157 1903 1244 1957 fuisse

226 1971 401 2038 mortalibus,
424 1990 489 2026 mox
513 1973 729 2028 admirationem
752 1977 919 2043 oonsumpta
946 1974 1072 2028 novitate
1099 1975 1243 2031 meruisse.

225 2043 365 2114 paulatim
384 2044 486 2097 deinde
509 2044 562 2099 hoo
581 2046 656 2114 quod
675 2049 828 2114 stupemus,
849 2044 958 2099 enimus
974 2062 1058 2099 ausus
1091 2046 1244 2115 diligenter

226 2116 387 2182 adtendere,
413 2115 443 2168 in
467 2133 569 2169 areana
594 2120 712 2170 naturae
740 2134 850 2171 eaerum
877 2117 956 2170 misit
977 2116 1131 2187 ingenium,
1155 2123 1184 2170 et
1210 2135 1244 2170 ex

227 2186 352 2240 adsiduis
372 2186 613 2242 observationibus
627 2189 758 2256 notisque
772 2188 954 2242 redeuntibus
968 2188 1117 2242 latentium
1132 2190 1244 2243 ratione

226 2256 345 2312 collecta
362 2259 490 2326 pervenit
509 2259 545 2311 ad
565 2276 671 2313 causae.
747 2277 750 2283 ’

317 2418 333 2473 1
354 2418 467 2472 omittat
485 2421 519 2485 P,
538 2437 585 2474 em.
601 2422 650 2475 Pl.
713 2419 731 2473 2
750 2421 776 2475 d.
787 2439 817 2489 p.
833 2420 931 2474 dieunt
949 2421 1013 2474 odd.
1074 2419 1092 2474 4
1112 2419 1244 2476 ἀπόλλειν

226 2491 270 2546 Fl
284 2494 372 2556 (reete,
391 2493 425 2558 ef.
446 2492 553 2558 Usener,
570 2493 763 2547 Goeooamee
777 2510 807 2561 p.
824 2496 878 2546 305
896 2509 958 2546 eum
976 2509 1003 2546 η.
1021 2493 1244 2564 7[St])„drrot-

225 2562 308 2616 λύναι
325 2563 369 2628 Oe,
388 2563 504 2617 ἀπολεῖν
519 2564 567 2616 Βη
578 2565 635 2617 Ηα.
717 2564 786 2618 istos
800 2580 858 2630 uos,
872 2582 896 2618 o.
907 2565 998 2631 praef.
1013 2564 1034 2634 ,6
1049 2569 1074 2630 6,
1093 2565 1166 2618 nibil
1178 2582 1242 2633 per-

225 2636 341 2701 spicitur
359 2635 390 2687 io
406 2635 438 2700 P,
451 2638 557 2688 vestros
572 2653 632 2690 eam
646 2636 686 2690 Fl
695 2653 740 2704 pr.
801 2635 981 2688 comentioios
996 2637 1030 2700 P,
1045 2642 1076 2689 ot
1093 2636 1245 2691 coniecerat

226 2705 271 2770 Sk,
295 2705 443 2759 ementitos
464 2707 517 2772 (eel
540 2706 716 2774 ementieios)
731 2724 777 2775 pr.
864 2706 1044 2776 bexeogitet
1065 2708 1174 2780 videtur
1193 2708 1243 2760 ho-

226 2811 314 2865 bus‘sse
328 2813 362 2879 P,
380 2813 415 2879 of.
431 2814 499 2867 ΒΜ
513 2817 572 2868 288
591 2820 616 2866 et
629 2814 730 2882 praefi,
754 2813 955 2883 excogitaverit
969 2831 1014 2881 pr.
1107 2813 1125 2866 6
1145 2794 1244 2882 adilib3

224 2884 265 2936 sie
283 2884 316 2937 P.
384 2883 465 2938 nobis
485 2886 513 2937 P
529 2891 554 2938 et
572 2885 616 2950 St,
635 2885 714 2938 vobis
728 2902 774 2954 pr.
789 2902 851 2940 eom
866 2886 923 2939 Wo.
987 2889 1157 2954 generentur
1175 2887 1246 2955 quire

226 2956 257 3007 ia
271 2955 299 3006 P
314 2956 400 3021 fuerit
422 2957 470 3010 oie
488 2957 611 3022 dubiam,
634 2975 658 3010 o.
673 2958 765 3025 praef.
784 2956 805 3027 §
824 2961 849 3022 6,
870 2955 992 3009 traditae
1017 2956 1074 3009 sint
1093 2958 1146 3023 (oel
1164 2960 1242 3024 sunt)

225 3043 287 3080 oum
305 3027 345 3080 Fl
358 3045 405 3095 pr,
423 3027 609 3095 proderentur
627 3029 672 3082 Slc.
771 3029 788 3082 o
808 3028 913 3081 ueritas
932 3031 1030 3081 renata
1048 3030 1083 3094 P,
1106 3046 1130 3084 o.
1142 3028 1245 3097 praefi,

225 3096 351 3151 veritatis
371 3098 471 3152 semita
492 3098 537 3164 Fl,
557 3099 659 3153 veritas
678 3099 708 3151 in
726 3099 785 3152 vita
804 3101 919 3153 ΒηΗη.

315 3257 333 3311 3
354 3260 444 3313 Moto.
458 3264 532 3325 24,9
555 3259 699 3313 oculorum
722 3260 796 3313 aoies
815 3259 993 3328 splendorem
1010 3259 1149 3329 paulatim
1168 3265 1245 3314 exte·

225 3329 306 3383 nuati
324 3329 439 3384 luminis
457 3331 589 3400 perdidit.
609 3332 643 3397 of.
659 3331 758 3387 XO'I
775 3336 818 3386 35.
923 3331 940 3384 b
959 3331 1069 3385 eodum
1083 3332 1245 3401 excogitare

226 3402 369 3470 aliquoties
396 3404 428 3455 io
443 3404 578 3457 'Motbesa'
603 3410 691 3458 restat
717 3404 790 3456 oelot
814 3401 950 3456 LXWI
960 3406 1003 3456 34.
1041 3401 1245 3457 LXXXVII*

226 3474 265 3526 11
279 3476 324 3527 38.
398 3473 417 3527 8
435 3475 470 3542 ef.
484 3478 577 3543 25,12
595 3482 619 3529 et
639 3475 729 3529 Mart.
744 3477 868 3540 278,14.·
891 3477 923 3526 ut
942 3473 1089 3542 explicatis
1113 3474 1245 3529 omnibus

226 3546 311 3611 atque
326 3545 496 3600 monstratis.
548 3547 638 3600 Mate.
652 3550 763 3612 218,18
782 3543 917 3613 sacrilego
934 3553 1044 3613 semper
1058 3561 1148 3599 errore
1162 3564 1245 3614 prae-

226 3617 360 3683 posteros.
