2698 4068
222 189 337 245 XXXVI
627 188 831 244 PRAEFATIO

222 360 320 434 prima
351 376 384 417 eo
415 359 481 419 loco
508 358 672 434 praeberet,
703 378 761 434 quo
786 377 803 417 a
826 378 860 437 rr,
884 360 1030 433 scriptum
1052 362 1097 418 est
1119 359 1241 430 ostiam

224 446 327 506 Oertas
342 448 422 506 solas
437 446 665 523 dispiciebamus
685 448 801 506 litteras
820 452 854 523 et,
873 447 910 506 de
928 446 1118 523 praecedenti
1137 447 1242 505 littera

223 535 446 610 dubitabamus,
479 539 593 596 essetne
622 555 698 596 ean
721 554 751 610 o,
783 540 814 595 et
845 537 934 611 plaue
967 536 1127 596 obscurata
1159 535 1242 595 vide-

221 625 332 684 bantur
362 644 439 701 quae
471 627 644 700 sequuntur.
690 624 732 683 At
762 643 829 684 cum
858 625 890 683 in
918 625 999 684 linea
1022 625 1158 700 sequenti
1180 643 1242 683 uon

222 727 307 788 quoqa
332 732 350 771 a
372 733 464 772 mauu
495 713 611 773 librarii
643 716 787 790 scriptum
814 713 866 788 sit,
895 717 930 772 ut
957 714 1029 772 olim
1054 712 1242 786 credidimus,

222 801 273 862 sed
306 819 360 874 que
386 807 554 876 prepostero
585 802 629 862 ita
669 802 722 862 sub
755 802 853 862 verbis
885 819 981 878 quoqa
1012 819 1128 876 sopores
1160 821 1179 862 a
1205 821 1242 881 rr,

224 891 443 967 superinductis
470 891 633 966 delitescat,
656 895 690 951 ut
708 910 732 965 p
750 892 805 951 sub
828 909 873 965 pi,
903 909 935 951 re
958 892 1013 951 sub
1035 909 1077 960 so,
1095 896 1165 965 poet
1186 890 1242 949 sub

216 997 284 1054 por,
309 997 339 1038 er
362 981 416 1040 sub
442 999 484 1048 cs,
510 999 523 1038 e
545 980 664 1040 litterae
689 983 769 1040 certa
792 980 921 1058 vestigia
943 983 1012 1056 post
1034 997 1151 1053 sopores
1174 999 1241 1056 per-

223 1069 397 1145 spiciantur,
417 1071 553 1145 apertum
573 1073 617 1128 est
636 1068 679 1128 sic
696 1072 795 1128 totum
812 1069 911 1129 locum
930 1069 1148 1129 restituendum
1162 1086 1241 1128 esse:

228 1159 340 1218 Ultimo
364 1175 442 1231 pore
473 1159 633 1231 bipertitae
664 1160 751 1218 istius
779 1160 933 1218 divisionis
965 1163 1007 1218 est
1037 1153 1154 1236 (quoe)
1177 1159 1243 1218 tibi-

223 1247 327 1306 diorom
349 1248 424 1315 otas,
447 1264 522 1321 quae
540 1265 640 1320 proco
663 1248 820 1317 desiderio,
843 1266 918 1321 quoe
936 1252 1144 1322 praeposterae
1162 1249 1244 1320 eopi-

223 1337 323 1395 ditotts
353 1341 496 1394 monstrat
523 1337 697 1405 inlecebras,
726 1339 757 1394 et
784 1337 875 1396 habes
899 1339 1080 1396 structuram
1104 1338 1184 1396 omni
1207 1354 1243 1394 ex

223 1427 310 1501 parte
334 1428 545 1502 congruentem
569 1444 635 1484 cum
663 1426 786 1501 periodo
810 1425 1010 1486 antecedenti:
1035 1425 1136 1485 Tertio
1155 1427 1243 1484 mom

219 1532 295 1588 pore
328 1519 369 1574 est
399 1532 474 1587 quoe
489 1560 494 1572 .
511 1559 517 1572 .
534 1562 539 1572 .
554 1517 675 1574 sortitor
705 1517 869 1589 imperitior.
923 1512 1006 1584 Quae
1037 1533 1104 1573 cum
1137 1517 1243 1590 postea

223 1602 341 1662 demum
364 1603 628 1678 intellexissemus,
654 1605 753 1680 ipsum
777 1603 907 1664 codicem
929 1603 1074 1679 inspicere
1097 1622 1157 1663 non
1180 1604 1242 1661 iam

223 1695 385 1768 potuimus,
409 1693 461 1751 sed
483 1694 516 1751 in
538 1693 642 1752 tabula
661 1693 898 1770 photographica
916 1694 990 1752 satis
1010 1695 1092 1751 certa
1115 1692 1243 1770 vestigia

224 1781 396 1840 litterarum
427 1785 469 1840 est
500 1799 554 1854 que
585 1781 638 1840 sub
662 1799 733 1840 voce
762 1785 874 1852 estimat
910 1781 1101 1856 disperimus.
1146 1781 1242 1839 Paulo

224 1872 293 1946 post
316 1871 430 1946 priores
454 1861 588 1949 (praeter
611 1871 792 1929 Bursianum
815 1876 845 1929 et
869 1871 1031 1946 Halmium,
1055 1871 1108 1946 qui
1131 1887 1241 1928 correc-

224 1959 299 2018 toris
322 1978 357 2037 rr,
385 1977 481 2034 nugas
509 1952 713 2040 arripuerunt)
744 1959 912 2019 scribebant
935 1978 1002 2018 cum
1028 1959 1143 2018 Illaeio:
1171 1959 1243 2018 Ideo

224 2065 317 2106 acore
348 2049 465 2121 partem
504 2049 593 2121 copiti
633 2050 803 2121 odsiprioot,
836 2054 869 2108 ot
898 2050 1024 2108 hominis
1059 2050 1138 2107 riom
1174 2064 1242 2121 quo-

225 2136 379 2196 dammodo
408 2137 576 2195 denotare
607 2138 755 2205 videatur,
794 2157 827 2196 ac
859 2157 913 2197 nos
946 2137 1018 2197 olim
1050 2135 1242 2210 deco..(re)

224 2225 322 2303 legere
351 2226 437 2284 nobis
469 2225 652 2285 videbamur.
704 2226 748 2285 At
777 2229 876 2286 certae
907 2226 988 2286 solae
1021 2229 1093 2285 sunt
1123 2226 1244 2285 litterae

226 2331 279 2372 ,err
312 2305 357 2395 (et
387 2332 417 2374 re
446 2316 535 2374 initio
567 2314 663 2374 lineae
693 2307 871 2397 sequentis),
905 2316 925 2374 d
948 2319 1016 2374 eto
1047 2315 1154 2390 dispici
1183 2334 1243 2374 uon

225 2403 364 2480 possunt,
398 2408 429 2463 et
460 2405 569 2464 litteris
602 2408 632 2464 to
660 2406 711 2464 vix
742 2407 874 2481 spatium
906 2405 1093 2480 relinquitur.
1150 2402 1242 2463 Porro

225 2511 293 2552 oum
325 2494 462 2552 denotare
493 2512 547 2553 nec
578 2494 665 2553 facile
702 2494 839 2571 intellegi
874 2497 975 2570 posset
1006 2511 1060 2552 neo
1091 2494 1123 2550 in
1156 2511 1243 2552 usum

213 2580 438 2641 ¹Firmicianum
467 2582 630 2658 quadraret
653 2575 705 2662 (cf.
728 2583 802 2641 Mus.
826 2583 919 2641 Rhen.
943 2583 996 2640 LX
1016 2583 1093 2640 282:
1125 2582 1242 2640 nullum

226 2671 291 2730 eius
314 2670 398 2730 verbi
421 2672 589 2747 exemplum
615 2671 705 2730 habet
728 2665 898 2751 Firmicus),
928 2671 1055 2731 seribere
1082 2671 1242 2730 maluimus

226 2764 332 2834 tortore,
363 2758 442 2834 quod
473 2763 503 2819 et
532 2761 628 2836 spatio
660 2762 851 2837 aptissimum
879 2763 924 2818 est
947 2763 977 2818 et
999 2762 1184 2820 correcturae
1207 2779 1241 2839 rr,

226 2840 334 2927 (reoiss
357 2852 369 2906 t
390 2850 444 2907 sub
468 2867 493 2922 r,
516 2867 531 2908 e
553 2849 606 2908 sub
629 2843 668 2930 il)
692 2868 795 2908 ansam
819 2847 934 2909 dedisse
954 2849 1073 2909 videtur
1097 2851 1127 2908 et
1144 2848 1242 2909 verbis

225 2936 417 3014 sequentibus
442 2955 533 3012 supra
556 2938 657 2998 allatis
681 2940 843 2998 certissime
867 2939 1067 2997 confirmatur.

315 3025 430 3084 Deinde
466 3026 498 3084 in
533 3026 713 3087 refutatione
749 3028 922 3088 Platonicae
964 3027 1000 3085 de
1041 3029 1242 3102 tripertitione

227 3115 343 3174 animae
368 3115 519 3174 doetrinae
550 3135 649 3175 omnes
681 3117 778 3186 adhuc
806 3116 935 3176 editores
966 3116 1107 3193 legebant
1140 3119 1243 3174 etenim

226 3205 302 3277 qood
330 3208 424 3277 potest
455 3204 548 3263 dividi
577 3221 681 3279 corpus
709 3211 762 3280 est,
792 3225 845 3265 nos
875 3206 948 3264 olim
970 3204 1141 3284 legebamus
1166 3205 1243 3280 Quid

216 3295 332 3354 ,aecem
348 3339 355 3350 .
370 3338 376 3350 .
393 3339 398 3350 .
413 3295 546 3370 priorum
583 3312 680 3354 errore
717 3294 847 3371 decepti,
884 3313 902 3352 a
935 3314 994 3370 qua
1029 3295 1156 3353 lectione
1193 3293 1242 3354 vix·

227 3374 381 3462 ferenda²)
404 3383 555 3458 profectus
579 3382 755 3442 Skutschius
779 3385 906 3443 coniecit
929 3383 1006 3458 Quia
1030 3385 1144 3459 atocio,
1175 3402 1243 3442 cum

209 3633 212 3640 .
319 3572 344 3638 1)
364 3569 540 3639 Quemquam
558 3569 589 3622 in
608 3569 710 3624 Minue.
725 3570 783 3625 Fal.
803 3570 898 3625 Octav.
914 3571 1005 3625 verbis
1025 3569 1068 3640 (X,
1083 3577 1135 3640 ip.
1153 3575 1243 3637 14,10
