2684 4062
206 212 247 274 74
547 209 686 265 emmor
703 210 872 264 uiunaru
924 271 927 276 ,

93 387 190 443 saw
205 382 236 438 et
263 380 343 455 quod
370 382 435 438 erat
462 379 581 438 salubre
609 379 800 452 monstravit,
821 373 825 456 Ι
846 401 883 440 ne
911 381 1028 459 fragilis
1056 382 1086 440 et
1109 381 1221 441 caduca

169 469 374 527 emortalitas
402 469 432 526 in
456 470 581 527 exitium
610 486 696 526 suum
718 472 904 545 mortemque
927 472 1109 547 properaret.
1155 469 1221 529 Hoc

204 558 285 617 idem
314 560 346 617 in
373 557 501 616 Psalmis
530 560 706 633 praemonet
736 558 859 634 spiritus
890 563 1022 619 sanctus:
1052 559 1221 618 invenimus

205 648 284 706 enim
312 649 344 705 in
371 648 488 723 psalmo
516 646 676 705 centesimo
704 647 855 707 tricesimo
883 651 914 707 et
940 651 1060 724 quarto·
1090 649 1134 706 ita
1157 667 1220 706 esse

203 735 415 812 perscriptum:
453 730 571 796 ‘Idola
607 737 770 812 gentium
807 741 997 815 argentum
1030 741 1064 796 et
1097 757 1221 797 aurum
1250 758 1264 798 s

205 844 292 901 opus
310 844 473 884 manuum
492 825 679 884 hominum.
713 823 758 884 Os
777 826 910 886 habent
929 830 964 886 et
981 846 1049 886 non
1067 827 1222 902 loquun-

205 917 276 989 tur,
301 915 423 974 oculos
446 914 580 973 habent
603 916 637 973 et
655 933 724 973 non
741 915 880 990 vident,
904 935 1008 975 aures
1030 915 1165 974 habent
1186 919 1222 974 et

205 1021 274 1062 non
293 1004 460 1063 audiunt:
478 1023 593 1079 neque
612 1003 704 1062 enim
724 1006 778 1063 est
797 1004 950 1081 spiritus
969 1006 1005 1062 in
1020 1024 1079 1064 ore
1093 1023 1222 1066 eorum.

133 1099 191 1149 (124)
208 1091 350 1152 Similes
382 1095 465 1151 sunt
492 1092 569 1152 illis
603 1093 664 1167 qui
690 1093 832 1151 faciunt
864 1090 923 1154 ea'
972 1093 1005 1152 Si
1032 1093 1141 1153 artifex
1168 1092 1222 1169 qui
1262 1096 1266 1104 '

206 1181 243 1239 ad
258 1183 489 1242 ostentationem
502 1183 631 1260 ingenii·
651 1182 842 1241 simulacrum
860 1186 914 1242 aut
928 1182 1053 1260 sculpsit
1067 1185 1120 1242 aut
1134 1183 1221 1257 mdis,
1236 1203 1265 1242 ro

204 1270 307 1330 divina
336 1270 486 1331 maledicti
513 1271 770 1331 animadversione
794 1275 973 1348 percutitur,
1001 1272 1073 1348 quid
1102 1290 1221 1348 sperare

205 1360 312 1420 debeat
336 1360 583 1420 considerandum
607 1363 664 1436 est,
694 1363 745 1435 qui
769 1361 848 1436 quod
876 1361 953 1420 alter
974 1361 1112 1421 vendidit
1134 1361 1221 1420 deum

168 1460 186 1507 4
204 1449 285 1508 dicit.
332 1449 497 1508 Hieremias
525 1449 616 1508 etiam
647 1468 714 1508 cum
736 1452 896 1526 praecepta
920 1451 974 1510 deo
996 1447 1118 1510 iubente
1140 1449 1222 1526 plebi

204 1539 302 1613 daret,
333 1540 390 1597 hac
416 1538 561 1615 populum
588 1540 723 1598 oratione
751 1540 902 1599 convenit:
937 1535 1072 1599 ‘Dicite
1101 1542 1222 1598 autem

204 1627 241 1686 in
280 1629 384 1687 corde
420 1631 554 1687 vestro:
591 1628 662 1687 tibi
699 1632 844 1704 oportet
885 1629 1035 1688 adorare
1072 1629 1264 1688 dominere

202 1717 365 1795 Angelus
397 1719 516 1776 autem
548 1736 645 1777 meus
677 1717 862 1777 vobiscum
895 1721 961 1792 est,
994 1719 1073 1796 lege
1102 1722 1222 1777 autem

204 1808 389 1882 exquiram
428 1808 566 1865 animas
609 1809 759 1866 vestras.
817 1806 959 1885 Lingua
1003 1826 1122 1866 eorum
1159 1825 1220 1883 po·

203 1891 348 1973 lita<a>
364 1895 479 1971 fabro,
498 1897 577 1971 ipsa
601 1896 710 1955 etiam
733 1896 904 1955 inaurata
927 1901 962 1956 et
984 1898 1221 1974 inargentata
1330 1911 1331 1920 ¹

203 1986 298 2044 falsa
344 1987 427 2045 sunt
472 1987 507 2043 et
551 2003 620 2043 non
670 1987 822 2059 possunt
870 1986 979 2061 loqui.
1040 1986 1084 2043 Et
1125 1987 1222 2046 sicut
1330 1985 1331 2028 ἶ

204 2076 343 2152 virgini
378 2077 542 2132 ornatum
576 2075 712 2131 amanti
745 2077 892 2150 accepto
926 2093 1011 2133 auro
1044 2073 1221 2134 fabricati
1235 2097 1265 2137 ao

204 2168 287 2223 sunt
315 2181 466 2223 coronas
495 2181 603 2238 supra
631 2164 753 2238 capita
781 2163 926 2224 deorum
954 2183 1107 2223 suorum.
1158 2165 1221 2222 Est

205 2256 323 2311 autem
352 2252 493 2327 quando
526 2252 742 2312 subtrahent
769 2253 975 2312 sacerdotes
1003 2270 1022 2311 a
1050 2252 1119 2312 diis
1148 2251 1221 2312 suis

161 2407 165 2414 ⁴
205 2360 327 2401 aurum
347 2345 382 2400 et
399 2343 587 2420 argentum
606 2345 642 2400 et
656 2345 808 2420 erogant
826 2342 919 2401 illud
932 2344 970 2402 in
984 2346 1095 2402 semet
1109 2342 1221 2418 ipsos;

204 2431 341 2491 dabunt
369 2431 478 2489 etiam
506 2451 546 2489 ex
571 2432 649 2506 ipso
674 2435 708 2490 et
730 2431 946 2507 prostitutis
969 2430 1221 2491 meretricibus

205 2524 405 2595 ornantque
432 2519 518 2580 illos
541 2523 582 2579 ut
604 2521 765 2580 homines
789 2521 1031 2596 vestimentis,
1058 2521 1142 2580 deos
1165 2539 1219 2578 ar·
1236 2542 1265 2584 rc

293 2708 311 2761 5
331 2710 377 2764 Ps.
393 2712 580 2775 ream-re.
662 2705 700 2762 14
718 2726 759 2777 ep.
774 2709 854 2764 Hier.
865 2711 911 2776 (=
922 2709 1037 2764 Bacca
1049 2726 1071 2763 e.
1083 2714 1113 2778 c)
1124 2713 1221 2763 5-10.

294 2832 313 2887 9
332 2833 402 2887 fiant
415 2851 469 2902 pro
489 2835 554 2887 sunt
575 2839 669 2888 temere
688 2834 736 2887 Bu
749 2835 801 2888 Ha
819 2850 852 2888 cc
871 2833 968 2900 LXX,
991 2834 1049 2888 coll.
1067 2834 1148 2905 cypr.
1163 2841 1221 2888 test.

205 2905 261 2958 III
276 2909 312 2958 59
335 2907 453 2973 cleptat.
474 2905 511 2958 ad
534 2905 653 2959 Fortun.
668 2906 693 2958 1.
803 2905 841 2960 10
860 2906 905 2960 do.
920 2923 951 2974 p.
970 2904 1078 2974 ingenii
1099 2912 1125 2960 et
1146 2905 1222 2959 fudit

205 2977 269 3031 add.
360 2975 468 3046 ingenii
492 2983 542 3029 aut
563 2982 595 3030 ut
617 2979 745 3031 creticum
768 2983 818 3031 aut
836 2975 931 3029 -onem
948 2976 1062 3047 ingenii
1079 2977 1222 3047 Inpendam

205 3064 259 3102 esse
281 3054 370 3102 mona
393 3047 437 3102 sa
530 3047 566 3100 13
590 3047 706 3101 inuente
726 3051 758 3115 P,
777 3065 825 3102 em.
840 3049 891 3103 Fl.
984 3047 1021 3102 15
1040 3049 1066 3103 d.
1080 3065 1109 3118 p.
1128 3051 1221 3103 vestro

205 3120 269 3174 odd.
363 3118 400 3172 16
424 3117 498 3188 Lege
515 3120 581 3172 aute
600 3119 716 3188 exquire
740 3119 887 3173 abanimas
906 3123 974 3173 uias
995 3121 1034 3175 P:
1051 3119 1143 3190 legem
1163 3121 1220 3173 aut.

205 3207 285 3258 exqu.
301 3189 337 3243 ab
357 3189 505 3243 animabus
529 3189 627 3244 vestris
646 3191 703 3246 ΙΝ.-
727 3206 779 3260 ego
802 3191 860 3245 aut.
881 3207 961 3258 exqu.
981 3189 1091 3244 animas
1113 3193 1221 3244 vestras

205 3264 253 3316 Ba
267 3262 318 3316 Ha
337 3279 370 3316 ea
388 3262 484 3316 LXX.
550 3261 586 3314 18
606 3261 667 3334 (a)
687 3263 743 3317 Bu.
800 3261 838 3315 20
855 3261 962 3332 uirgini
980 3261 1096 3316 hortatu
1114 3261 1222 3316 amanti

205 3349 339 3401 accepero
354 3335 388 3399 P,
406 3350 454 3388 eru.
470 3335 526 3387 Bu.
547 3332 679 3400 (hortatu
697 3333 820 3386 amantis
840 3334 957 3402 accepto
975 3334 1039 3400 ΓΖ).
1105 3333 1143 3387 23
1162 3349 1222 3386 ero·

204 3404 314 3474 gabunt
332 3404 382 3458 Fz.
397 3421 431 3458 ca
449 3404 546 3470 LXX,
565 3406 629 3459 item
648 3404 685 3458 25
705 3404 908 3472 ornabuntque.
951 3449 953 3454 .

295 3527 311 3582 1
333 3530 423 3584 Matb.
439 3533 512 3595 2⁰,4
529 3529 640 3599 fragilis
655 3530 806 3583 etcaduca
825 3529 1030 3584 ..mortalitas
1052 3530 1086 3595 cf.
1102 3532 1166 3596 197,
1175 3532 1221 3582 24.

206 3601 257 3654 Mo
270 3603 315 3653 24.
389 3599 407 3653 2
427 3602 460 3667 cf.
475 3605 547 3667 24,1
566 3607 592 3654 et
610 3605 684 3669 80,9
703 3608 728 3656 ct
747 3603 798 3656 Mo
811 3604 857 3655 22.
