2698 4068
224 221 300 276 XXX
627 223 832 279 PRAEFATIO

314 391 580 470 Transgrediemur
603 393 641 451 ad
664 393 800 452 voculam
824 397 916 466 acque.
962 393 1101 453 Wolffius
1124 414 1152 470 p.
1173 397 1236 454 637

226 482 338 540 -640
375 481 506 540 ostendit
542 480 712 541 Ciceronem
750 501 768 539 a
807 483 936 558 genuina
977 483 1043 560 lege
1085 476 1239 564 (Skutsch,

222 569 433 647 Forschungen
457 570 479 645 I,
509 590 537 645 p.
563 563 683 650 52f53),
714 589 790 645 quae
820 571 947 630 formam
977 576 1062 644 utque
1089 574 1149 632 nisi
1168 577 1239 633 ante

222 660 340 719 vocales
363 678 422 718 non
446 661 586 735 usmpari
608 658 703 734 iubet,
727 678 880 734 nunquam
903 660 964 718 fere
987 663 1154 738 recessisse,
1178 664 1237 722 nisi

222 765 290 806 cum
322 767 358 806 ea
389 749 485 807 forma
516 751 585 807 ante
617 752 827 808 consonantem
855 750 954 825 posita
984 749 1022 808 ad
1049 750 1237 810 formandam

221 837 386 896 clausulam
405 840 477 913 apta
500 841 586 912 esset,
610 856 644 896 ac
667 838 703 896 de
726 841 793 896 octo
813 857 889 912 quae
907 842 1076 916 repugnant
1094 841 1237 916 exemplis

220 926 285 984 iure
308 928 478 1002 suspicatur
501 922 567 985 ‘aut
587 972 592 983 .
609 971 614 983 .
631 972 636 984 .
656 927 814 985 librarium
837 946 935 986 errore
962 947 1016 1004 pro
1040 946 1075 988 uc
1092 928 1139 987 his
1162 929 1235 989 locis

221 1019 306 1088 atquc
318 1015 455 1074 intulisse
470 1015 666 1092 aut-quod
685 1017 811 1074 fortasse
830 1016 925 1075 multo
944 1017 1040 1094 magis
1058 1017 1238 1092 probabitur

224 1135 261 1144 —
280 1102 450 1163 Ciceronem
465 1105 565 1180 ipsum
583 1105 659 1163 illud
673 1110 757 1178 aque
774 1105 917 1180 posuisse,
935 1125 995 1164 non
1019 1125 1077 1181 quo
1100 1109 1145 1165 ita
1166 1126 1234 1182 pro·

219 1194 380 1266 nuntiaret,
403 1194 453 1252 sed
477 1195 548 1269 quia
571 1195 648 1252 hanc
671 1196 848 1268 scripturam
868 1195 905 1252 ab
929 1195 996 1254 aliis
1015 1213 1133 1270 quoque
1151 1197 1237 1256 velut

220 1281 327 1341 Plauto
354 1282 398 1341 ibi
423 1285 572 1341 retentam
600 1301 663 1342 esse
687 1283 807 1356 scimus,
831 1283 883 1342 ubi
906 1301 941 1342 oc
962 1281 1233 1359 pronuntiabatur'.

220 1369 376 1430 Consentit
410 1372 490 1446 quod
522 1372 558 1430 de
590 1373 713 1431 Firmici
745 1373 809 1431 eius
841 1372 964 1431 voculae
1001 1391 1058 1432 usu
1095 1374 1233 1434 eruimus.

219 1459 364 1520 Omnibus
401 1463 479 1518 enim
512 1462 642 1536 quinque
673 1461 746 1520 locis
779 1461 888 1536 quibus
920 1463 990 1520 ante
1022 1466 1233 1522 consonantem

217 1549 314 1608 forma
346 1553 431 1622 atquc
463 1551 562 1626 posita
592 1553 637 1608 est
669 1551 700 1608 in
729 1550 830 1609 libello
858 1550 895 1608 de
918 1568 1029 1624 errore,
1058 1552 1233 1633 formandae

220 1639 371 1698 clausulae
401 1640 500 1698 servit.
547 1638 581 1695 In
612 1639 739 1699 Mathesi
770 1644 854 1711 atque
877 1642 947 1698 ante
971 1644 1165 1699 consonantes
1187 1643 1231 1700 in·

217 1730 336 1786 venitur
355 1728 533 1805 quadragies
552 1730 670 1803 septies,
685 1731 714 1786 et
729 1729 908 1805 quadragies
927 1731 1019 1788 sexies
1037 1731 1068 1787 in
1089 1730 1233 1807 clausula,

216 1815 294 1874 unde
317 1836 410 1874 unum
441 1818 493 1891 qui
523 1817 622 1877 obstat
649 1817 761 1892 locum,
791 1818 840 1875 fol.
866 1816 992 1876 011001.
1016 1817 1032 1874 Ι
1055 1838 1082 1878 v.
1108 1820 1161 1894 35,
1193 1819 1231 1878 ad

216 1905 313 1982 legem
336 1905 530 1982 redigendum
554 1923 616 1964 esse
639 1908 731 1981 patet.
778 1905 857 1965 Ante
880 1906 997 1966 vocales
1025 1926 1171 1982 nusquam
1198 1910 1232 1966 in

216 1994 293 2052 libro
312 1993 348 2052 de
368 2013 465 2053 errore
484 1995 630 2054 formano
645 1995 783 2054 scribitur
802 1995 853 2054 sed
871 2013 987 2072 semper
1006 1999 1103 2072 aiqne3
1127 1999 1232 2056 contra

215 2086 250 2141 ut
273 2086 342 2141 ante
365 2084 498 2142 vocalem
520 2101 611 2157 neque
633 2103 687 2159 pro
711 2102 762 2142 nec
785 2083 909 2159 scribat,
938 2086 1058 2143 minime
1082 2085 1229 2145 Firmicus

216 2176 309 2244 curat,
327 2174 418 2232 immo
438 2173 625 2232 duodevicies
645 2177 714 2232 ante
733 2174 866 2232 vocalem
884 2192 936 2234 nec
953 2176 1047 2250 ponit,
1065 2176 1230 2248 tarneque,

214 2261 304 2336 idque
328 2262 392 2320 sola
410 2263 442 2320 in
461 2262 589 2322 formula
607 2281 697 2335 necne
716 2264 792 2322 anion
811 2255 869 2342 (VI
887 2266 913 2321 7.
936 2263 1011 2321 XIII
1027 2265 1054 2322 3.
1077 2262 1177 2321 XXIV
1193 2255 1227 2345 5)

214 2352 250 2408 ut
261 2350 376 2410 Statius
386 2353 416 2409 et
425 2351 582 2426 Martialis,
593 2352 629 2410 cf.
638 2349 775 2425 Skutsch,
785 2352 995 2429 Forschungen
1005 2372 1028 2412 z.
1037 2353 1088 2410 lat.
1098 2350 1227 2411 Gramm.

214 2458 243 2497 u.
262 2439 372 2498 Metrik
390 2440 414 2516 I,
434 2461 461 2516 p.
483 2441 521 2499 61
546 2441 612 2499 adn.
659 2441 702 2499 At
722 2443 754 2498 In
778 2443 924 2516 excerptis
949 2440 1089 2500 Bibliacis
1113 2459 1231 2517 semper

212 2529 309 2587 forma
327 2547 418 2602 neque
441 2531 570 2589 occurrii
589 2534 618 2588 et
637 2533 707 2588 ante
725 2531 859 2589 vocalem
878 2532 996 2589 etanta
1015 2533 1227 2589 consonantem

227 2619 284 2677 hoc
302 2617 434 2694 quinque
454 2618 529 2676 illud
552 2638 602 2677 sex
625 2619 707 2692 lociS,
726 2638 752 2678 v.
772 2612 923 2699 iudicem).
941 2619 1042 2677 -De
1064 2619 1171 2679 vocula
1194 2638 1227 2678 ne

228 2707 264 2766 cf.
276 2707 369 2765 Wolff
380 2727 408 2783 p.
421 2703 499 2786 640)
515 2711 676 2767 annotetur
690 2726 749 2766 uno
769 2727 827 2784 quo
846 2711 944 2768 exstat
961 2707 1057 2766 libelli
1076 2709 1112 2766 de
1128 2727 1228 2768 errore

213 2840 272 2894 sine
297 2839 413 2894 elisione
428 2867 461 2886 =
477 2868 581 2895 -c--e-
602 2841 687 2910 (quod
710 2841 807 2895 multis
832 2841 969 2895 eiusmodi
993 2840 1127 2910 exemplis
1152 2858 1226 2896 com-

211 2911 361 2964 mendatur
384 2912 577 2982 Arnobianis);
605 2913 630 2965 si
656 2913 758 2979 minus,
786 2911 873 2967 habes
901 2912 1056 2966 clausulam
1082 2913 1226 2966 ferendam

211 2999 361 3036 -e--c-n-.
387 2988 446 3051 117,
455 2989 488 3036 25
503 2987 576 3040 necis
589 2987 707 3039 accitae
721 2986 911 3040 anctoritatem
924 2983 1102 3037 scribendum
1117 3001 1180 3038 cum
1190 2984 1230 3038 M

211 3070 261 3123 pro
280 3057 352 3110 vitae
370 3058 495 3124 aecioque
517 3058 715 3122 uncto-ritatem,
738 3055 794 3108 nisi
813 3054 886 3108 forte
904 3053 951 3108 hic
969 3071 1080 3122 quoque
1098 3072 1155 3109 non
1174 3055 1225 3110 eli-

212 3125 341 3181 dendum.
358 3157 391 3166 -
408 3133 476 3194 17,8
492 3126 670 3180 scribendum
685 3129 780 3194 (Mens
796 3133 951 3181 ..cunno
969 3129 1039 3196 repit
1056 3134 1137 3196 nique
1155 3143 1224 3181 com-

205 3197 296 3266 ponit,
316 3203 340 3252 et
355 3200 502 3268 ...ipnitn
520 3217 553 3252 oe
570 3200 746 3268 sempiterno)
762 3201 911 3268 capitatione
927 3204 1071 3266 perpetuat
1088 3201 1121 3252 ut
1138 3198 1228 3252 habet

210 3268 252 3322 cd.
273 3268 361 3337 princ.
382 3270 527 3338 (perpetuo
551 3269 640 3337 codd,
657 3275 838 3339 perpetuatur
860 3267 1009 3337 Nemethy,
1034 3269 1080 3322 Kr.
1101 3271 1130 3323 et
1158 3268 1223 3338 sle),

210 3339 245 3394 cf.
256 3345 333 3393 2807
350 3342 378 3393 ct
392 3339 439 3394 fol.
450 3340 564 3394 LXXIIv
577 3340 628 3394 col.
637 3340 649 3393 Ι
659 3359 683 3393 v.
694 3346 736 3394 40.
749 3373 782 3380 —
798 3345 858 3407 246,
869 3347 903 3394 24
917 3343 1092 3394 alternantur
1105 3342 1179 3394 recte
1194 3358 1223 3395 se

209 3411 304 3478 habet,
320 3410 354 3464 cf.
366 3411 400 3465 dc
415 3429 465 3465 err.
477 3412 540 3464 XXI
554 3417 577 3464 2.
590 3444 623 3451 —
639 3418 699 3478 253,
711 3418 743 3465 16
758 3413 855 3466 dantes
868 3428 924 3465 non
939 3411 1098 3478 delendum,
1113 3414 1142 3465 at
1156 3411 1224 3480 quia

209 3499 242 3537 oc
256 3486 321 3536 ante
336 3483 488 3537 exhibentes
501 3483 567 3536 farri
582 3499 638 3536 non
652 3485 747 3551 polest
757 3486 789 3551 (v.
801 3482 885 3552 infra)
898 3486 926 3537 et
940 3483 1007 3551 quia
1021 3482 1105 3536 verba
1115 3484 1227 3551 puriter

209 3571 242 3608 oc
256 3554 351 3608 dantes
366 3552 521 3607 clausulam
534 3554 672 3623 praebent
685 3554 902 3608 usitatissimam
913 3557 947 3623 (v.
960 3553 995 3607 ad
1006 3553 1033 3607 11
1045 3556 1085 3623 3);
1101 3554 1223 3607 scriben-

208 3625 288 3678 dum:
303 3626 465 3694 accipientes
474 3628 582 3693 pariter
595 3643 629 3680 oc
643 3626 746 3692 dantes
766 3627 918 3680 exhibentes
935 3625 1013 3692 fidele
1026 3627 1222 3680 comnecrcinm.
