2698 4068
346 208 395 261 DE
415 205 563 262 ERRORE
582 206 685 261 Paos.
699 207 779 260 RRL.
799 206 875 260 CAP.
890 207 930 261 IV
1102 206 1140 271 11

129 378 243 436 Deinde
266 396 333 436 cum
357 378 399 438 sic
422 396 453 437 se
477 378 590 436 alienos
609 395 627 434 a
645 377 719 436 viris
737 375 870 449 fecerint,
896 375 1052 453 adimpleti
1074 377 1144 436 tibi·

130 487 213 526 arum
237 470 327 526 cantu
349 469 459 527 vocant
481 467 567 525 deam
591 485 685 538 suam,
708 468 743 523 ut
766 464 880 524 nefario
903 466 1012 541 repleti
1035 466 1145 543 spiritu

129 557 214 615 vanis
232 556 402 616 hominibus
420 557 506 631 quasi
529 555 633 614 futura
656 555 837 630 praedicant.
875 552 960 623 Quod
983 556 1039 614 hoc
1062 574 1144 613 mon-

130 649 224 705 strum
248 648 294 704 est
312 645 428 720 quodve
448 639 641 722 prodigium?
664 644 785 721 Negant
803 662 833 702 sc
848 645 928 703 viros
948 662 1021 713 esse,
1040 646 1070 703 et
1083 663 1144 704 non

102 737 200 796 esunt
231 729 425 812 <mulieres>:
466 734 604 792 mulieres
642 751 673 791 se
709 733 815 792 volunt
852 733 945 808 credi,
977 734 1028 792 sed
1061 734 1144 792 aliud

130 823 356 902 qualiscumque
376 824 506 899 qualitas
526 824 658 898 corporis
681 821 846 882 confitetur.
889 819 1143 881 Considerandum
1164 840 1179 886 3

128 916 173 973 est
195 913 287 972 etiam
311 914 399 988 quale
423 914 463 972 sit
481 931 600 984 numen,
624 910 704 987 quod
732 913 774 970 sio
801 911 912 986 impuri
936 913 1067 986 corporis
1096 913 1144 971 de·
1164 925 1210 975 (81)

127 1003 257 1063 lectatur
280 1002 419 1078 hospitio,
442 1001 523 1077 quod
545 1002 703 1076 impudicis
727 1001 870 1060 adhaeret
891 999 1040 1075 membris,
1065 1001 1144 1076 quod

127 1092 246 1168 polluta
278 1091 409 1167 corporis
442 1091 694 1150 contaminatione
726 1090 872 1165 placatur.
927 1089 1102 1149 Erubescite
1126 1109 1143 1150 o

88 1204 115 1244 rc
128 1182 231 1238 miseri
253 1181 469 1239 summitatem:
511 1180 599 1238 aliter
630 1198 683 1238 vos
715 1178 787 1237 deus
814 1179 894 1237 fecit.
941 1177 1014 1237 (lum
1040 1181 1143 1239 cohors

129 1273 229 1329 vestra
248 1269 286 1327 ad
309 1269 442 1329 tribunal
459 1269 620 1328 iudicantis
640 1269 688 1326 dei
706 1267 870 1343 accesserit,
894 1268 970 1327 nihil
988 1269 1142 1327 vobiscum

129 1357 365 1433 referetis‘quod
389 1358 460 1417 deus
484 1357 612 1432 quivos
636 1358 708 1416 fecit
730 1361 882 1434 agnoscat.
924 1357 1042 1416 Abicite
1065 1358 1144 1416 hunc

130 1451 233 1506 tantae
266 1448 448 1506 calamitatis
481 1466 623 1522 errorem,
660 1450 690 1504 et
727 1446 828 1506 studia
858 1447 1002 1521 profanae
1035 1449 1144 1506 mentis

132 1536 292 1612 aliquando
316 1536 449 1596 deserite.
496 1536 599 1594 Nolite
623 1553 728 1610 corpus
753 1535 833 1610 quod
856 1535 927 1594 deus
951 1536 1031 1606 iecit,
1054 1536 1144 1594 scele-

89 1648 116 1689 re
130 1629 198 1685 rata
220 1625 334 1686 diaboli
357 1626 422 1702 lege
445 1626 596 1699 damnare,
619 1625 841 1684 calamitatibus
865 1625 987 1684 vestris·
1000 1625 1070 1683 dum
1094 1625 1144 1684 ad·

129 1717 188 1773 huc
209 1717 326 1790 tempus
349 1717 465 1791 patitur
488 1714 651 1774 subvenite.
689 1714 891 1773 Misericordia
915 1713 962 1772 dei
986 1714 1067 1773 dives
1092 1717 1145 1788 est,

131 1805 258 1864 libenter
280 1804 416 1880 ignoscit.
454 1803 577 1862 Relictis
601 1805 766 1881 nonaginta
784 1823 889 1862 novem
913 1803 1018 1862 ovibus
1035 1797 1038 1883 l
1056 1803 1143 1862 amis·
1159 1819 1199 1868 sot.
1211 1813 1239 1856 4⁰

131 1912 194 1952 sam
209 1894 328 1968 quaerit
341 1912 442 1967 unam,
466 1897 496 1952 et
514 1911 631 1951 reverso
650 1896 737 1969 pater
754 1893 879 1971 prodigo
898 1893 961 1951 filio
972 1908 978 1920 ·
990 1897 1019 1951 ct
1033 1896 1145 1952 vestem
1164 1910 1181 1956 4

131 1982 230 2042 reddit
254 1986 284 2041 et
306 1987 395 2058 parat
418 2000 528 2041 cenam.
574 1983 652 2040 Nolo
671 2001 723 2042 vos
748 1982 903 2058 desperare
930 1983 1023 2041 faciat
1046 1983 1146 2041 crimi-

90 2095 118 2135 ιο
132 2091 202 2130 num
231 2072 407 2131 multitudo:
447 2072 519 2130 deus
552 2091 685 2131 summus
717 2091 770 2146 per
801 2071 897 2130 filium
929 2091 1015 2132 suum
1047 2071 1147 2130 Iesum

133 2161 283 2220 Christum
308 2161 461 2219 dominum
484 2163 620 2220 nostrum
648 2161 781 2220 volentes
808 2160 917 2219 liberat
941 2163 971 2220 et
993 2161 1146 2236 paeniten-

131 2250 211 2310 tibus
235 2251 363 2310 libenter
394 2251 537 2328 ignoscit‚
568 2268 622 2308 nec
654 2251 784 2308 multum
817 2249 909 2327 exigit
941 2253 975 2308 ut
1001 2251 1146 2326 ignoscat.

132 2339 205 2398 Fide
237 2342 356 2399 tantum
388 2343 418 2398 et
449 2340 634 2414 paenitentia
666 2340 792 2414 potestis
824 2339 977 2412 redimere,
1010 2340 1147 2414 quicquit

132 2429 283 2487 sceleratis
307 2428 419 2487 diaboli
442 2428 684 2503 persuasionibus
707 2428 887 2504 perdidistis.

223 2560 239 2613 1
256 2562 353 2630 etpost
361 2559 480 2615 fecerint
489 2563 553 2615 add.
582 2559 641 2616 lc.
649 2580 678 2630 p.
689 2563 823 2616 eeseodd.
857 2562 874 2616 b
891 2563 1007 2616 alteru-m
1016 2558 1147 2614 mulieres

133 2632 198 2686 cdd.
220 2633 256 2686 Oe
267 2633 325 2698 Hc,
349 2634 421 2700 quod
444 2634 571 2687 clausula
592 2635 804 2700 commendatur,
824 2633 851 2686 P
867 2636 907 2688 sio
924 2634 1016 2688 hebet:
1039 2633 1069 2686 et
1091 2648 1147 2685 non

133 2703 207 2757 sunt.
227 2702 358 2757 Mulieres
371 2720 415 2758 se.
489 2703 515 2756 d.
526 2721 556 2772 p.
572 2705 649 2758 credi
668 2707 732 2758 odd.
805 2703 1047 2774 (iqualecumque
1066 2703 1110 2758 St.

136 2775 150 2828 7
172 2774 198 2828 d.
209 2793 239 2844 p.
254 2791 358 2829 numen
376 2775 451 2841 odd,
468 2776 617 2842 os.27,11.
703 2776 721 2830 8
741 2777 877 2830 adhaeret
899 2783 932 2832 ut
954 2776 1095 2844 inuiaque
1112 2776 1147 2841 cf.

135 2849 180 2912 79,
190 2851 215 2901 3.
317 2846 355 2899 lo
378 2845 561 2914 supinitatem
585 2849 626 2902 cel
649 2847 854 2902 sublimitatem
873 2849 938 2914 We,
965 2847 1149 2901 insanitatem

133 2919 174 2973 ccl
197 2916 395 2986 stupiditatem
416 2917 460 2984 Oe,
484 2925 514 2972 at
532 2918 566 2983 cf.
582 2919 685 2973 Aracb.
701 2922 721 2972 Ι
730 2923 768 2973 25
792 2921 853 2973 VII
869 2925 911 2976 36.
987 2918 1022 2971 ll
1044 2918 1070 2971 d.
1085 2923 1148 2972 aaa

133 2989 206 3043 nihil
225 2991 288 3044 aad.
355 2987 391 3043 14
411 2989 436 3042 d.
448 3006 477 3059 p.
492 2989 561 3043 fecit
579 2991 643 3043 odd.
711 2990 746 3044 15
766 2991 899 3045 damnare
919 2989 1017 3044 calam.
1032 2988 1147 3054 uestris3

134 3062 202 3115 dum
220 3064 254 3127 P,
273 3079 321 3115 cm.
336 3061 386 3115 Fi.
463 3061 499 3114 16
518 3062 544 3115 d.
556 3079 586 3128 p.
602 3062 645 3114 cst
663 3062 727 3115 odd.
802 3061 838 3116 18
858 3064 884 3117 d.
895 3081 925 3132 p.
940 3060 999 3115 filio
1018 3061 1082 3114 odd.

135 3133 172 3187 la
191 3132 318 3187 reddidit
335 3135 370 3199 P,
389 3151 437 3188 em.
452 3133 499 3188 Fi.
573 3131 611 3185 28
630 3132 788 3200 penitentie
803 3135 835 3187 P.

224 3241 242 3294 R
265 3242 362 3295 futura
385 3240 563 3310 praedicant,
591 3242 626 3307 of.
645 3243 751 3306 28,17,
777 3240 868 3294 Moti.
888 3243 1005 3306 165,26.
1031 3242 1093 3304 185,
1103 3241 1149 3291 25.

129 3319 198 3382 -201,
209 3319 236 3366 6.
322 3314 340 3369 8
361 3313 559 3380 Muraenae
578 3312 610 3366 de
629 3328 739 3379 corpore
757 3312 848 3365 divini
865 3313 980 3378 spiritus
998 3309 1150 3364 domicilio:

134 3386 204 3440 licet
225 3387 269 3440 fra
292 3386 328 3440 'le
352 3386 401 3440 sed
424 3387 519 3439 tamen
542 3383 634 3438 simile
657 3383 762 3436 mundo
785 3385 898 3451 pararet
923 3380 1085 3449 hospitium.
1114 3382 1149 3446 cf.

137 3460 247 3514 LXXI
299 3460 338 3514 ΙΙ
349 3463 373 3525 5,
383 3463 420 3514 23
429 3475 483 3526 sqq.
571 3455 732 3522 cefisos.
807 3453 843 3507 13
862 3453 1010 3522 profanam
1026 3452 1150 3504 mentem

136 3531 218 3585 habea
236 3535 328 3598 64,22
346 3537 371 3585 ct
390 3530 481 3584 Mate.
496 3527 617 3583 WH
628 3531 672 3582 37.
765 3525 799 3579 17
816 3533 841 3580 ct
859 3523 897 3578 2⁶2
918 3524 1008 3579 Motb.
1025 3521 1149 3577 LXXI'

135 3602 175 3656 II
185 3607 222 3656 38
240 3602 361 3657 libenter
379 3604 542 3672 agnoscunt.
