2684 4062
292 191 341 244 nn
360 163 507 246 naneae
526 189 629 246 naor.
644 190 722 245 ann.
743 189 819 244 oar.
833 189 937 244 xxvn
1077 190 1117 252 71

104 369 190 420 turus
222 361 293 420 deus
325 379 456 420 summus
491 380 526 418 ex
558 359 776 436 Aegyptiorum
807 359 967 436 tyrannide
1003 357 1119 434 plebem

107 469 191 509 suam
214 450 338 509 arietem
359 454 447 510 noete
469 449 557 508 iussit
580 449 689 523 occidi,
713 452 744 508 et
767 451 911 526 sanguine
935 448 997 507 eius
1019 451 1120 524 postes

107 539 188 598 liniri
219 539 376 616 praecepit.
427 539 529 614 Ipsum
562 557 580 596 a
612 541 693 597 certo
725 557 849 596 numero
881 538 1034 596 hominum
1066 555 1120 612 per

106 631 265 688 nocturnas
296 629 399 705 epulas
427 628 531 686 confici
560 628 654 701 iubet,
683 630 713 687 et
736 626 881 687 sacrificio
908 628 966 703 ipsi
988 625 1121 684 Paschae

79 737 213 779 enomen
239 717 364 794 inponit.
412 716 469 776 Sed
499 717 554 775 hoc
582 717 620 775 ad
642 719 804 794 imaginem
827 717 997 775 futurorum
1020 717 1119 791 provi-

107 806 208 865 dentia
240 807 359 867 divium
390 805 557 865 maiestatis
589 807 718 880 invenit,
750 810 784 864 ut
814 825 868 883 per
899 807 986 882 signa
1017 824 1120 864 verum

105 895 220 955 Pascha
246 896 333 954 nobis
361 895 539 972 ostenderes
583 895 654 954 Ideo
682 915 749 954 cum
777 895 813 953 de
840 897 976 971 passione
1007 894 1122 953 domini

105 985 200 1044 nostri
230 985 331 1044 divino
360 984 468 1061 spiritu
490 985 609 1043 iubente
639 985 786 1061 propheta
821 986 1026 1061 praecaneret,
1064 983 1118 1042 ait:

108 1069 226 1132 ‘Sicut
245 1075 322 1132 ovis
341 1074 390 1150 ad
403 1075 587 1133 victimam
606 1073 735 1133 ductus
755 1077 822 1147 est,
842 1077 877 1132 et
895 1076 989 1132 sicut
1008 1090 1120 1148 agnus

66 1181 225 1222 rocoram
251 1163 423 1221 tondente
453 1181 501 1237 se,
529 1163 579 1223 sic
605 1183 674 1222 non
698 1164 843 1238 aperuit
866 1181 903 1221 os
927 1181 1034 1221 suum.
1080 1161 1121 1219 In

105 1251 316 1310 humilitate
348 1251 522 1309 iudicium
558 1252 633 1311 eius
667 1252 847 1310 sublatum
880 1255 948 1311 est:
984 1250 1120 1310 nativi-

106 1343 218 1398 tatem
251 1342 327 1399 eius
360 1342 439 1416 quis
472 1342 678 1403 enarravit?
728 1341 901 1410 Quoniam
934 1329 1121 1399 auferetur

107 1447 125 1486 a
147 1432 250 1487 terra
273 1429 351 1502 vita
373 1424 474 1489 eius'
520 1430 609 1489 Alius
637 1431 728 1489 etiam
752 1431 898 1507 propheta
920 1430 994 1488 haec
1017 1429 1120 1488 eadem
1141 1435 1156 1482 6

107 1518 198 1577 simili
229 1519 383 1594 respondit
411 1519 543 1578 oraculo:
573 1515 737 1578 ‘Domine
766 1520 945 1596 significa
972 1518 1122 1598 mihist

65 1609 331 1684 recognoscam:
363 1611 451 1667 tunc
483 1607 559 1667 vidi
590 1609 848 1668 meditationes
873 1627 1000 1667 eorum.
1046 1607 1119 1684 Ego
1134 1617 1193 1667 (122)

106 1698 201 1756 sicut
229 1716 342 1773 agnus
366 1697 440 1756 sine
464 1698 608 1756 malitia
631 1698 827 1774 perductus
851 1716 924 1756 sum
949 1697 990 1754 ad
1014 1695 1121 1778 victi-

105 1805 202 1845 mam.
235 1785 276 1844 In
298 1806 350 1845 me
369 1789 625 1865 cogitaverunt
643 1789 845 1865 cogitatum
865 1787 1040 1845 dicentes:
1063 1803 1121 1843 ue-

105 1877 181 1933 nite
205 1878 393 1935 mittamus
423 1877 560 1954 lignum
584 1876 621 1934 in
646 1895 735 1953 pane
763 1879 839 1935 eius
870 1879 905 1935 et
935 1876 1121 1934 eradamus

107 1968 246 2023 eterra
269 1966 381 2024 vitam
406 1961 502 2025 eius?
541 1966 660 2043 Agrium
684 1971 784 2026 autem
804 1965 950 2043 appellari
969 1964 1156 2024 dominumr

65 2071 92 2111 ao
106 2058 241 2113 nostrum
273 2058 376 2113 sancta
408 2055 493 2113 nobis
525 2056 707 2115 revelatione
740 2043 932 2115 monstratur.
977 2054 1014 2112 In
1042 2052 1121 2129 Apo-

106 2143 221 2219 calypsi
241 2138 245 2220 Ι
267 2145 346 2201 enim
373 2145 418 2202 ita
444 2146 612 2203 invenimus
640 2163 703 2203 esse
726 2146 938 2220 perscriptum:
962 2138 1023 2201 ‘Et
1046 2142 1212 2205 vidissem

106 2233 142 2289 in
164 2232 280 2291 medio
303 2232 427 2292 throni
450 2237 485 2291 et
509 2237 683 2310 quattuor
706 2234 917 2293 animalium
942 2235 1034 2291 etin
1053 2251 1121 2290 me-

106 2321 165 2380 dio
193 2323 374 2380 seniorum
403 2340 531 2398 agnum
560 2326 715 2381 stantem
743 2325 850 2398 quasi
877 2322 1032 2381 occisum
1060 2321 1122 2378 ha-

105 2409 247 2469 bentem
271 2427 403 2469 cornua
426 2413 561 2485 septem
585 2413 620 2468 et
643 2411 764 2469 oculos
788 2415 937 2487 septem,
961 2411 1123 2485 quisunt

65 2515 91 2556 ss
107 2501 241 2574 septem
273 2499 427 2575 spiritus
458 2499 515 2558 dei
546 2501 646 2558 missi
676 2519 738 2576 per
761 2500 880 2558 orbem
902 2503 1030 2557 terrae.
1077 2499 1123 2556 Et

106 2588 208 2646 venit
240 2591 275 2647 et
306 2590 448 2664 accepit
479 2587 608 2647 librum
641 2589 682 2648 de
714 2589 861 2648 dextera
894 2589 1053 2646 sedentis
1086 2588 1122 2646 in

106 2677 251 2752 throno,
282 2679 316 2736 et
346 2688 421 2736 eum
452 2679 653 2753 accepisset
682 2678 813 2736 librum
844 2680 1018 2754 quattuor
1047 2679 1122 2735 ani-

106 2766 217 2824 malia
241 2769 277 2824 et
300 2766 436 2844 viginti
460 2769 633 2842 quattuor
656 2769 816 2827 seniores
844 2770 1125 2842 prostraverunt

107 2875 142 2916 se
167 2859 249 2914 ante
273 2874 417 2932 agnum,
445 2856 618 2915 habentes
642 2858 779 2933 singuli
803 2874 930 2915 aureas
954 2857 1123 2931 cytharas

197 3045 214 3098 a
234 3045 288 3098 Jes.
305 3048 349 3111 53,
361 3047 377 3098 7
386 3061 423 3114 eq.
499 3042 537 3098 14
555 3045 611 3099 Jer.
628 3049 670 3111 11,
681 3049 764 3113 ideo.
828 3043 865 3097 21
886 3046 970 3113 Apoc.
987 3047 1012 3110 5,
1023 3049 1121 3098 6-10.

196 3223 215 3276 a
234 3203 330 3292 pddpit
344 3225 382 3278 Ρ.’
446 3203 562 3294 daignla
576 3241 643 3278 corr.
655 3241 688 3277 esc
702 3223 785 3294 signi
801 3225 828 3277 P
839 3227 908 3287 (nou
926 3240 960 3275 m.
975 3226 995 3276 2
1008 3229 1040 3275 at
1054 3222 1126 3276 dicit

106 3295 177 3361 Ha).
232 3294 279 3350 dd.
289 3311 319 3362 p.
336 3295 353 3347 8
372 3299 555 3363 praecaneret
572 3301 597 3350 et
614 3297 633 3348 t
653 3298 696 3348 est
710 3301 735 3348 et
754 3293 792 3348 10
806 3310 835 3347 se
850 3299 875 3347 et
889 3291 924 3346 ll
941 3295 985 3346 est
999 3293 1063 3346 odd.

107 3365 145 3418 lo
159 3366 295 3421 tondenti
305 3368 337 3420 P.
381 3373 445 3434 post
454 3384 483 3420 se
493 3384 580 3422 uocem
590 3368 684 3420 mutus
695 3367 782 3420 deesse
791 3370 875 3434 putat
886 3365 943 3417 Ha.
991 3363 1027 3417 12
1043 3379 1121 3416 enar-

105 3435 182 3490 rabit
201 3437 249 3491 Ba
259 3439 317 3492 Ha.
396 3439 434 3493 18
452 3455 525 3507 pane
546 3440 574 3493 P
589 3440 727 3492 mouimus
744 3437 875 3492 euadente
894 3436 939 3499 δῖε,
957 3452 1061 3503 panem
1075 3451 1121 3503 pr.

105 3507 144 3634 {a
163 3507 290 3633 uelitum
310 3510 367 3574 Ηα,
397 3508 520 3563 citharas
540 3508 591 3582 <et
617 3507 754 3580 pateras>
773 3509 822 3563 Bu
844 3524 878 3561 ex
898 3506 1011 3573 Graeco,
1034 3513 1063 3560 at
1086 3506 1123 3572 cf.

131 3597 145 3634 e
230 3622 236 3634 .
