2698 4068
339 217 388 271 DE
408 215 772 272 antecesserant.
792 215 869 270 CAP.
883 215 922 269 lII
1119 215 1139 280 9

0 439 1 448 ,
34 452 36 458 ,
126 387 233 445 annuis
261 385 391 446 luctibus
419 388 597 463 occupatus·
613 385 708 446 vitam
736 404 851 462 semper
873 385 984 462 fugias·
1013 386 1139 443 mortem

0 483 1 496 ¹
126 475 269 550 requiras.
307 475 419 534 Dicant
436 475 511 534 mihi
531 474 603 551 quid
626 475 682 536 hoc
700 474 836 553 frugibus
854 475 976 551 profuit,
999 476 1035 532 nt
1051 474 1174 536 fletusr

126 582 196 623 suos
221 565 328 626 annuis
352 565 516 624 ululatibus
535 567 687 639 renovent,
711 566 746 623 ut
767 566 865 623 renati
882 564 995 622 funeris
1018 563 1140 626 calami·

1 703 2 710 ,
34 727 35 731 ¹
126 653 239 712 tatibus
258 655 470 732 ingemescant,
495 654 574 730 quod
597 653 700 713 dicant
723 654 848 730 physica
865 655 982 712 ratione
1006 653 1140 728 conposi-

1 741 2 746 ’
101 741 212 803 stum?
243 742 366 872 Iffieffis
390 747 420 802 et
442 743 596 822 plangitis,
628 746 659 802 et
681 743 779 803 luctus
802 744 916 802 vestros
940 742 1003 800 alia
1023 743 1139 801 ratione

1 839 2 842 ’
127 833 239 892 celatis.
289 833 383 893 Nou-it
411 833 543 910 agricola
571 833 690 908 qnando
712 826 823 892 terram
848 833 947 890 aratro
981 831 1140 906 dimoueat,

85 937 88 948 ’
125 922 211 980 novit
239 922 358 998 quando
380 913 382 1002 l
402 922 493 982 sulcis
521 923 670 982 fulmenta
698 922 880 989 committat,
907 921 992 980 novit
1020 919 1229 994 quantorum

125 1014 292 1070 maturatas
321 1012 392 1070 solis
416 1009 571 1071 ardoribus
600 1011 724 1089 colligat
749 1012 878 1088 segetes,
907 1011 992 1068 novit
1019 1008 1138 1084 qusndo

125 1103 220 1159 tostos
247 1103 327 1174 terat
354 1101 464 1178 fruges.
515 1100 597 1160 Haec
624 1103 670 1162 est
696 1101 821 1176 physica
848 1099 940 1171 ratio,
969 1098 1042 1157 haec
1070 1100 1140 1159 sunt

1 1183 3 1197 '
86 1207 197 1250 rovere
220 1188 373 1263 sacrificia,
397 1207 473 1265 quse
492 1189 530 1247 ab
549 1208 638 1248 sanae
656 1191 765 1248 mentis
782 1188 952 1248 hominibus
976 1206 1073 1246 annuo
1096 1187 1140 1246 la·

1 1346 2 1359 ¹
126 1277 197 1336 bore
221 1278 411 1352 conplentur,
437 1279 515 1337 hanc
538 1278 761 1356 simplicitatem
785 1277 928 1338 divinitas
952 1279 1078 1351 quaerit,
1105 1279 1140 1334 ut

34 1410 36 1416 .
125 1365 260 1424 homines
283 1368 315 1424 in
338 1366 512 1443 colligendis
535 1367 681 1428 fiucfibus
707 1366 853 1426 ordinatis
875 1368 1044 1441 temporum
1066 1364 1139 1442 legi·

1 1449 2 1458 ’
126 1453 184 1513 bus
219 1456 358 1514 serviant.
412 1454 471 1516 Gur
500 1455 569 1516 huic
596 1455 695 1514 ordini
716 1457 842 1517 miserae
865 1455 971 1514 mortis
998 1453 1140 1531 figmenta

128 1543 264 1618 quaesita
288 1516 470 1630 suntilsilur
497 1545 610 1604 celatur
637 1545 770 1603 lacrimis
794 1544 872 1620 quod
896 1543 987 1602 celari
1009 1561 1068 1600 non
1092 1542 1139 1600 de-

87 1652 113 1690 15
127 1629 213 1690 huit?
243 1631 328 1692 Unde
356 1633 553 1694 confiteantur
579 1651 696 1692 necesse
725 1636 782 1707 est,
809 1633 882 1691 haec
910 1650 994 1691 sacra
1021 1650 1081 1689 non
1107 1632 1140 1690 in

127 1721 269 1782 honorem
300 1723 420 1799 frugum
446 1722 499 1781 sed
525 1723 724 1782 inhonorem
759 1740 822 1781 esse
853 1721 1009 1796 conposite
1035 1721 1140 1780 mortis

127 1809 250 1870 alienae.
292 1812 371 1870 Nam
392 1811 608 1886 vquodterrcm
626 1814 753 1872 matrem
777 1829 839 1872 csse
862 1811 995 1870 omniurn
1018 1809 1176 1873 deorumn

127 1899 230 1958 dicunt
265 1901 316 1981 qui
344 1900 413 1960 huic
441 1901 586 1960 elemento
613 1902 725 1977 primas
757 1900 895 1958 tribuunt
926 1903 1040 1975 partes,
1072 1917 1140 1958 vere

127 1989 249 2049 deorum
277 2007 397 2048 suorum
424 1993 521 2050 mater
549 1993 602 2063 est,
627 2008 680 2051 nec
704 1989 861 2052 abnuimus
885 1991 938 2051 ant
960 2007 1141 2063 recusamus,
1155 2001 1201 2051 (80)

86 2098 112 2137 ro
127 2078 199 2152 quia
230 2078 267 2137 ab
304 2079 361 2138 hac
393 2079 533 2139 collectos
566 2078 635 2138 deos
668 2097 736 2140 suos
751 2093 757 2104 ·
773 2081 826 2138 aut
861 2078 995 2155 lapideos
1026 2077 1142 2137 faciunt

127 2186 242 2242 semper
265 2171 318 2226 aut
340 2168 463 2246 ligneos.
510 2169 632 2226 Terram
661 2187 777 2226 omnem
801 2166 1010 2226 circumfluunt
1036 2167 1140 2241 maria,

127 2260 157 2314 et
179 2275 281 2318 rursus
305 2257 421 2315 inclusa
436 2254 545 2316 Oceani
565 2257 723 2318 ambientis
745 2257 856 2317 circsdo
875 2256 1042 2334 stringitur,
1066 2256 1141 2316 caeli

127 2347 219 2404 etiem
259 2345 389 2405 rotunda
431 2346 614 2405 sublimitate
656 2347 803 2421 operitur,
844 2345 988 2421 perflatur
1028 2346 1137 2404 ventis·

129 2436 296 2511 aspergitur
319 2435 441 2509 pluviis,
464 2437 494 2492 et
512 2437 650 2494 timorem
673 2453 760 2494 suum
780 2434 893 2492 assidui
910 2436 1009 2492 motus
1032 2435 1139 2492 tremo·

1 2563 2 2568 η
86 2543 111 2580 25
126 2522 208 2581 ribus
233 2522 397 2582 confitetur.
444 2522 524 2592 Quid
546 2541 598 2582 vos
622 2525 743 2581 maneat
770 2524 823 2598 qui
844 2523 918 2581 haec
945 2523 1043 2581 colitis
1072 2540 1139 2581 con-

1 2630 2 2637 *
126 2610 264 2685 siderate,
297 2629 364 2669 cum
396 2611 438 2669 dii
470 2613 563 2671 vestri
594 2612 800 2670 infirmitatem
828 2609 1022 2676 suamvobis
1053 2611 1139 2670 cotti·

126 2699 224 2758 dionis
248 2699 484 2760 confessionibus
507 2700 644 2776 prodant.

215 2833 232 2888 2
254 2834 409 2905 Verulae.
426 2835 554 2890 V11302
572 2833 646 2900 Quid
661 2834 756 2904 Syrtes
775 2838 825 2890 aut
845 2833 939 2904 Scylla
962 2834 1041 2902 mihi,
1070 2835 1140 2903 qnid

124 2907 206 2960 vasta
220 2904 376 2974 Charybdis
390 2904 515 2974 profuit?
568 2907 588 2959 d
607 2907 691 2962 Lacr.
708 2907 751 2962 VI
761 2911 818 2961 869
836 2906 905 2960 Inde
923 2906 973 2959 ubi
992 2904 1034 2960 sol
1052 2906 1140 2962 radiis

7 3039 11 3046 ¹
124 2981 229 3032 terram
253 2977 372 3032 dimovit
395 2977 519 3034 obortus.
544 2979 595 3032 Ver
614 3020 620 3032 .
638 2979 733 3049 Gecrp.
749 2980 787 3032 ΙΙ
804 2982 857 3033 513
876 2978 1002 3048 agricola
1024 2977 1138 3032 incurvo

124 3053 226 3104 terram
242 3047 360 3104 dimovit
374 3051 475 3103 aratro.
507 3048 553 3104 Oe.
601 3056 633 3104 et.
650 3051 676 3104 V
686 3053 738 3103 341
757 3049 889 3120 glaebam
905 3048 1023 3103 dimovit
1037 3052 1139 3104 aratro.

215 3156 278 3210 ld.
293 3162 357 3211 ante
375 3155 464 3210 vitam
478 3157 543 3210 add.
616 3155 721 3226 cap.
736 3155 844 3226 profuit
862 3156 927 3210 cdd.
999 3155 1081 3208 fletus

124 3233 258 3282 renovent
273 3271 277 3282 .
290 3271 295 3282 .
308 3271 313 3282 .
328 3227 420 3282 renati
434 3229 468 3294 P,
482 3246 506 3283 c.
522 3229 590 3284 ΒΜ
599 3231 665 3294 277,
679 3227 761 3282 fletus
776 3227 858 3289 (fetus
874 3229 933 3296 Ηα)
944 3269 949 3281 .
962 3269 985 3281 ..
1002 3227 1140 3281 seminent

8 3335 11 3344 ·
126 3343 149 3354 ..
166 3300 247 3352 strati
258 3317 302 3368 pr.
381 3299 445 3353 td.
461 3306 524 3354 coto
543 3301 571 3353 et
585 3298 649 3355 cdd.
732 3298 770 3352 10
789 3299 814 3353 d.
830 3305 893 3352 ante
912 3315 984 3367 quae
1003 3299 1066 3354 cdd.

125 3371 161 3424 11
183 3370 208 3424 d.
223 3378 287 3425 onte
304 3371 377 3424 hanc
396 3371 460 3425 odd.
531 3369 567 3424 15
588 3371 613 3424 d.
625 3376 688 3440 post
705 3371 826 3425 estadd.
881 3386 937 3424 non
955 3370 1091 3423 inhonore
1105 3370 1137 3422 P.
1185 3433 1187 3440 y

125 3440 163 3495 lc
183 3443 309 3509 coposita
325 3443 357 3496 P.
443 3442 481 3496 18
501 3442 610 3497 dicunt·
626 3443 660 3495 P.
743 3441 780 3495 20
800 3443 824 3496 d.
837 3446 901 3510 pest
919 3457 982 3494 suos
1002 3443 1066 3496 add.

124 3511 161 3566 nl
181 3512 286 3580 plebiis
302 3514 333 3566 P.
407 3511 445 3566 ‘dd
465 3513 491 3567 d.
506 3519 570 3569 crete
589 3529 652 3566 cnm
671 3513 735 3568 add.
750 3513 795 3568 sc.

215 3618 251 3672 13
271 3619 401 3672 miseram
420 3622 537 3674 mortem
556 3621 637 3676 babes
656 3625 728 3688 46,9
746 3628 770 3676 et
789 3621 876 3676 ἀεοεπι
892 3621 1045 3676 Matbeeeoe
1066 3621 1138 3676 locis.
