2684 4062
214 211 257 274 34
556 210 694 266 FIRMIGI
711 210 881 267 MATERNI

213 399 280 440 cum
303 380 472 441 hominibus
491 399 595 440 nocere
615 381 774 455 coeperint,
797 381 929 458 religiosi
947 382 1090 442 sermonis
1108 381 1228 460 flagella

213 472 371 548 castigant.
418 469 467 528 Sic
490 471 521 527 in
545 488 667 547 corpore
689 471 845 532 hominum
868 470 1036 530 constituti·
1069 471 1112 530 dii
1134 473 1228 531 vestri

212 559 302 620 verbo
327 559 375 619 dei
397 558 579 635 spiritalium
601 559 790 618 flammarum
812 559 881 638 igne
903 563 1091 635 torquentur,
1121 564 1151 619 et
1175 560 1226 636 qui

213 653 287 724 aput
317 669 370 709 vos
400 650 487 724 quasi
517 648 560 706 dii
589 649 742 723 coluntur,
777 652 851 725 aput
884 668 938 708 nos
970 648 1128 724 religiosae
1157 647 1227 708 fidei

211 738 341 798 medelas
380 736 491 796 Christi
527 740 627 814 gratia
656 738 786 797 humano
817 737 1003 797 subiacentes
1030 738 1164 814 imperio·
1195 741 1226 799 et
1254 760 1266 800 c

210 830 360 886 tormenta
382 830 584 905 repugnantes
608 829 768 886 sustinent·
793 830 823 887 et
845 827 919 886 victi
941 829 1045 903 poenis
1068 827 1225 888 ultricibus

211 916 417 993 subiugantur.

149 1019 197 1069 (97)
300 1005 380 1064 XIV.
413 1005 539 1064 Penates
567 1004 658 1064 etiam
686 1006 739 1081 qui
771 1007 831 1064 sint
861 1006 1009 1081 explicare
1039 1007 1225 1080 contendam,

210 1114 247 1152 ne
272 1095 344 1170 quid
372 1114 389 1153 a
416 1114 464 1153 me
490 1096 734 1169 praetermissum
761 1089 845 1172 <esse
872 1094 1018 1154 videatur.
1064 1093 1122 1164 Qui
1149 1095 1226 1154 nihil

211 1185 293 1243 aliud
316 1178 447 1260 putant>
469 1202 533 1244 esse
550 1184 655 1258 vitam,
677 1185 737 1244 nisi
760 1184 898 1244 vescendi
925 1188 955 1242 et
982 1184 1107 1260 potandi
1134 1185 1267 1246 licen-10

209 1275 293 1349 tiam,
317 1274 371 1332 hos
394 1272 452 1331 sibi
475 1273 545 1334 deos
570 1293 605 1332 ex
628 1272 803 1348 cupiditatis
827 1292 898 1332 suae
922 1275 1094 1332 humilitate
1117 1272 1224 1332 finere-

210 1366 289 1436 runt,
313 1364 497 1421 nutrimenta
516 1362 648 1438 corporis
673 1381 748 1438 quae
771 1382 807 1421 ex
831 1362 1003 1422 cottidianis
1031 1364 1128 1438 epulis
1157 1380 1223 1422 con-

209 1454 369 1527 parantur,
397 1452 452 1510 hoc
479 1453 599 1510 nomine
626 1469 680 1526 pro
709 1452 806 1512 salute
832 1452 987 1510 hominum
1009 1456 1223 1511 consecrantes

211 1540 288 1610 Quia
311 1560 364 1617 per
386 1541 491 1615 epulas
510 1543 642 1617 corporis
666 1540 798 1601 reficitur
819 1541 987 1615 infirmitas,
1011 1541 1154 1600 alimenta
1177 1559 1223 1600 so-

96 1647 139 1693 101·
153 1640 196 1682 w
208 1630 272 1688 lum
297 1648 360 1690 esse
380 1629 467 1687 deum
486 1632 673 1703 sancxenmt,
690 1623 693 1709 l
709 1631 872 1690 nescientes
892 1630 985 1688 divini
1010 1630 1124 1690 oraculi
1147 1630 1265 1692 veri-15

174 1722 312 1782 atatem.
360 1717 433 1777 Cum
464 1720 544 1778 enim
573 1719 710 1778 dominus
738 1718 822 1779 lesus
847 1718 983 1779 Christus
1007 1738 1074 1778 cum
1104 1719 1247 1780 diabolo.

208 1828 263 1884 pro
285 1812 389 1868 nostra
416 1809 513 1867 salute
540 1808 699 1868 sollicitus·
733 1809 836 1868 divina
862 1809 1028 1868 maiestatis
1056 1827 1127 1869 suae
1155 1828 1223 1868 con-

208 1897 372 1956 luctatione
395 1899 532 1969 certaret,
556 1901 586 1956 et
608 1900 643 1955 ut
666 1897 702 1955 de
725 1896 861 1957 faucibus
886 1899 948 1957 eius
980 1917 1069 1974 quem
1101 1898 1224 1976 gerebat

208 1986 358 2047 hominem
381 1985 531 2060 liberaret,
554 1988 610 2045 hac
634 2005 702 2045 eum
724 1988 916 2062 responsione
940 1989 1101 2063 quassavit.
1143 1987 1222 2046 Nam

166 2075 169 2080 '
208 2093 275 2134 cum
298 2077 457 2135 diceretei
480 2077 631 2135 diabolus:
669 2071 718 2134 ‘Si
740 2077 844 2134 filius
868 2075 925 2134 dei
950 2095 984 2135 es
1011 2077 1068 2135 fac
1096 2079 1135 2135 nt
1157 2076 1266 2136 istinc

207 2165 349 2241 lapidee
372 2183 482 2241 panes
506 2159 627 2239 fiant,'
650 2165 870 2240 respondens
899 2167 926 2224 ei
950 2165 1087 2224 dominus
1115 2166 1221 2225 dixit:

296 2352 335 2408 20
354 2355 456 2408 Marto.
472 2353 549 2407 11¹3
569 2354 648 2418 (.Luc
665 2353 763 2419 11⁷3)

296 2479 399 2547 ldp.
416 2478 559 2548 coeperint
573 2479 637 2533 odd.
723 2478 859 2534 Monte
873 2478 913 2532 dii
928 2479 992 2533 add.
1075 2478 1223 2534 limedela

207 2550 307 2606 FlBu
379 2549 599 2605 ΘΡΟΕΝΑΤΕΒ
618 2552 651 2605 Ρ.
725 2551 944 2622 lipretermioeu
958 2550 1086 2604 eseeuitd
1099 2552 1133 2605 P.
1184 2549 1223 2604 sit

205 2621 443 2690 praetermissum.
472 2620 526 2686 Qui
544 2620 616 2674 nihil
635 2620 779 2676 aliudt
728 2639 765 2691 pu
767 2625 830 2676 tant
844 2622 893 2676 Fl
923 2623 1035 2678 Rectius
1049 2622 1097 2675 Bu
1111 2638 1143 2676 ea
1156 2639 1222 2705 arrp-

200 2695 296 2762 plauit,
310 2711 379 2819 qaae
393 2695 424 2746 in
438 2701 530 2749 nomo
544 2700 670 2748 conum
684 2695 820 2764 loquatur,
837 2695 873 2761 cf.
888 2695 974 2762 infra.
1030 2692 1066 2746 la
1082 2692 1181 2761 aepulis
1195 2694 1225 2748 P

204 2767 294 2834 sicque
321 2767 402 2820 etiam
430 2768 475 2830 46,
489 2769 528 2819 22
554 2771 579 2818 et
603 2769 645 2831 71,
660 2769 695 2830 4,·
722 2767 814 2820 ceterae
841 2772 970 2834 quattuor
1002 2765 1068 2819 loen
1093 2770 1128 2832 (o
1149 2765 1220 2833 iud.)

205 2837 314 2907 epulae.
390 2835 424 2888 17
446 2807 512 2904 dlp.
533 2807 670 2890 sollicitius
690 2837 753 2890 add
826 2839 875 2890 via
897 2838 1135 2892 manniacum
1153 2838 1222 2905 quia

205 2905 413 2961 conflictatione
431 2909 590 2973 scribamus,
608 2925 632 2962 v
648 2909 733 2974 infra.
820 2908 857 2962 18
876 2911 1010 2975 certaret,
1033 2907 1071 2961 Et
1087 2909 1120 2960 ut
1138 2909 1173 2972 P,
1192 2910 1223 2962 et

205 2979 385 3034 malacria
458 2994 513 3050 que
532 2980 566 3046 P,
585 2996 633 3033 em.
649 2979 696 3034 Fl.
784 2980 821 3034 la
840 2981 908 3049 dp
924 2950 1058 3034 liberdret
1076 2981 1141 3033 add.

295 3103 311 3156 1
333 3103 423 3158 Maru
438 3107 485 3170 28,
496 3109 545 3159 13.·
563 3102 691 3158 facinora
710 3105 809 3172 eius„
821 3103 922 3158 .nulla
939 3104 1084 3159 ultricium
1104 3105 1220 3159 deorum

204 3172 317 3244 flagella
337 3174 496 3244 castigant?
570 3175 626 3247 fisi)
651 3177 740 3231 Mart.
757 3181 845 3242 77,19
868 3177 943 3229 hunc
966 3175 1058 3230 locum
1079 3194 1154 3231 nunc
1173 3193 1221 3229 ex-

203 3245 310 3315 plicare
331 3245 473 3311 debemus,
493 3262 528 3300 ne
552 3247 620 3315 qnid
639 3264 657 3301 a
675 3247 756 3302 nobie
776 3249 806 3300 in
824 3249 880 3302 ista
898 3247 1078 3303 institutione
1096 3250 1219 3316 praeter-

203 3317 321 3371 missum
335 3334 395 3372 esso
408 3317 546 3372 videatur.
566 3318 608 3385 Cf.
623 3324 725 3386 95,28,
741 3321 792 3374 Mo
806 3325 831 3374 9.
893 3318 931 3373 18
953 3320 1042 3374 Maca.
1058 3324 1103 3387 36,
1113 3324 1151 3375 20
1168 3317 1220 3372 elii

204 3389 239 3442 de
258 3388 315 3443 filio
335 3389 455 3442 erratica
474 3389 662 3443 contentionis
681 3389 889 3445 conflictatione
913 3392 1059 3445 certarent.
1087 3393 1122 3459 cf.
1136 3393 1217 3456 20‚3.

204 3464 319 3525 146311.
349 3464 445 3527 195‚3.
474 3465 592 3528 217,12.
630 3460 870 3517 LXXVI'115.
908 3462 1218 3517 LXXXV11'1138.

203 3530 260 3586 10⁰
271 3533 310 3586 11
319 3537 364 3587 39.
384 3533 416 3586 de
435 3549 486 3586 err.
503 3537 547 3598 61,
557 3537 583 3587 6.
614 3533 673 3588 Vox
692 3533 864 3588 conluctatio
879 3534 935 3590 uisi
948 3534 998 3589 hoe
1011 3535 1067 3588 loco
1082 3551 1221 3603 mcsqaam

203 3603 281 3671 apud
299 3603 462 3658 Firmicam.
