2684 4062
304 193 352 248 DE
371 193 518 249 ERRORE
537 193 639 249 PROE.
655 193 734 247 REL.
755 192 832 253 CAP.
847 193 962 248 XXVIII
1099 193 1140 257 79

126 365 202 423 Ecce
235 363 360 423 daemon
391 362 448 422 iste
477 382 565 438 quem
592 363 678 438 colis,
711 382 777 422 cum
805 362 853 422 dei
880 365 910 423 et
939 361 1051 421 Christi
1079 364 1142 422 eius
1163 369 1194 416 11

126 456 248 513 nomina
267 453 416 512 audiverit
434 455 649 526 contremescit,
669 456 699 512 et
721 456 756 511 ut
777 451 1033 530 interrogantibus
1057 452 1142 514 nobis

126 542 317 619 respondeat,
344 542 529 618 trepidantia
557 541 648 602 rerba
671 544 723 601 vix
745 541 874 619 colligit:
902 541 1067 600 adhaerens
1090 542 1142 600 ho·

126 632 201 691 mini
229 632 391 691 laceratur·
414 631 526 690 uritur·
551 632 689 707 vapulat,
712 633 749 689 'et
779 632 881 689 statim
912 631 948 690 de
978 630 1143 690 commissis

100 721 285 783 ascaleribus
312 720 477 779 confitstur.
523 721 569 780 Ne
596 720 675 780 hunc
702 721 797 780 colas·
821 741 858 780 ne
883 720 962 778 hunc
984 720 1142 796 supplices,
1157 732 1215 781 (128)

128 831 165 870 ne
194 813 363 886 prostratus
392 809 462 868 huic
491 809 593 868 flectas
623 829 734 886 genna,
765 809 926 868 interdicto
959 809 1144 868 venerandae

6 909 17 924 ·
126 901 202 977 legis
225 898 353 958 iubetur.
385 898 464 957 Hinc
487 900 629 958 severitas
649 917 771 976 poenae,
789 899 859 958 hinc
878 898 1144 958 animadversionis

127 990 288 1048 metuenda
318 988 480 1060 sententia,
511 988 590 1064 quod
620 987 668 1046 dei
697 987 886 1066 indulgentia
913 987 1052 1046 libertate
1076 1007 1144 1047 oon-

128 1093 225 1139 cessa·
239 1078 342 1156 iugum
374 1076 474 1154 potius
507 1078 593 1156 eligis
627 1079 789 1136 servitutis.
835 1077 903 1136 Non
932 1076 1040 1136 desinit
1072 1078 1144 1135 deus

87 1190 114 1229 ro
128 1185 261 1228 summus
280 1167 392 1225 crimen
409 1165 465 1225 hoc
485 1167 610 1226 salutari
628 1185 700 1226 voce
718 1168 847 1243 pulsare,
871 1167 922 1225 sed
940 1165 1145 1225 misericordia

129 1257 192 1316 eius
224 1257 357 1314 errantes
389 1256 524 1314 homines
557 1257 704 1333 corrigere
740 1255 889 1331 frequenti
926 1255 1145 1314 conminatione

128 1345 261 1404 festinat.
306 1343 387 1402 Audi
419 1363 472 1420 per
499 1345 622 1404 Esaiam
653 1345 830 1421 prophetam
857 1363 915 1403 vox
942 1344 1045 1403 divina
1073 1344 1145 1420 quid

129 1434 222 1493 dicat:
251 1427 517 1494 ‘Adoraverunt
545 1433 628 1493 deos
657 1452 744 1508 quos
767 1435 932 1494 fecerunt
956 1433 1066 1512 digiti
1089 1453 1144 1492 eo-

127 1543 216 1598 rum,
241 1526 277 1582 et
299 1526 469 1604 curvatus
493 1527 547 1582 est
569 1524 686 1597 homo,
709 1526 744 1581 et
765 1523 980 1581 humiliatus
1004 1526 1058 1581 est
1076 1525 1145 1598 vir,

89 1617 164 1674 reat
193 1632 262 1671 non
291 1612 420 1671 laxabo
455 1608 554 1671 illis.'
601 1612 703 1670 Etiam
733 1630 786 1670 vos
816 1631 834 1670 o
861 1611 982 1688 profani
1009 1612 1198 1670 homines12

127 1703 239 1761 iratum
266 1721 375 1760 numen
399 1701 584 1777 adloquitur,
614 1704 645 1760 et
668 1701 764 1760 adhuc
787 1719 899 1760 errores
922 1702 1037 1760 vestros
1060 1719 1145 1760 sacra

129 1792 268 1853 convenit
290 1810 370 1851 voce.
406 1789 459 1849 Ait
482 1791 615 1849 enimin
638 1788 830 1866 sequentibus
853 1790 1054 1866 pereundam
1077 1810 1145 1866 pro·

128 1883 263 1959 phetam:
288 1875 382 1938 ‘Illis
406 1880 556 1939 fudistis
579 1879 754 1938 libamina
773 1880 904 1938 stillis
927 1879 1145 1956 inposuistis

129 1969 329 2031 sacrificia:
358 1987 464 2046 super
490 1970 576 2029 haec
603 1989 673 2030 non
700 1967 939 2048 indignabor?
972 1968 1063 2030 dicit
1086 1969 1145 2028 do-

89 2079 115 2118 ao
128 2053 264 2119 minua’
297 2058 403 2118 Adhuc
425 2059 663 2138 indignationem
687 2078 771 2118 suam
797 2059 937 2119 salutaris
959 2059 1031 2118 deus
1051 2059 1147 2117 dilata

219 2265 237 2320 8
263 2265 378 2334 Quintil.
398 2265 463 2319 dccl.
478 2265 528 2318 IX
542 2271 576 2320 19
596 2263 723 2333 trepidat
741 2265 831 2317 oratio
856 2267 908 2330 (cic
930 2283 978 2320 em.
998 2267 1146 2333 Dcaaauer,

129 2339 186 2393 Die
207 2337 451 2403 taadschristlr'chc
473 2335 634 2406 Grundlopc
657 2337 706 2389 dar
725 2337 867 2389 maacha
884 2339 1016 2406 posnan
1029 2339 1148 2406 warado·

130 2409 375 2478 quirctr'linar'cchen
398 2407 636 2462 Deklamatiomn.
669 2405 764 2475 Leipz.
789 2411 877 2474 1898,
896 2425 927 2476 p.
942 2413 1039 2478 968p.)

131 2479 149 2534 4
174 2481 239 2535 dccl.
259 2481 353 2535 VII3
375 2495 442 2531 urar
459 2478 573 2532 lacerer.
598 2478 660 2532 VII
675 2481 712 2531 12
730 2484 755 2532 et
774 2478 855 2531 XVI
869 2483 887 2534 9
904 2479 977 2533 mite
996 2479 1128 2534 lacerate,

132 2550 169 2604 la
188 2553 243 2606 Jcs.
257 2553 361 2619 2,83q.
436 2549 472 2603 18
491 2551 526 2604 ib.
543 2555 623 2616 57,6.

222 2705 238 2758 1
261 2707 393 2781 demones
416 2712 444 2764 ta
465 2711 498 2777 P,
522 2727 569 2764 em.
585 2712 633 2765 Bu
652 2710 786 2778 (daemon
808 2713 852 2765 est
869 2727 953 2780 quem
972 2711 1049 2766 colis.
1079 2711 1148 2765 Cum

133 2777 253 2846 ...Fu
319 2780 469 2836 Enomine
487 2783 521 2848 P,
540 2797 588 2835 em.
604 2783 660 2849 Ba,
679 2797 781 2836 nomen
799 2783 845 2838 Fr.
910 2783 974 2837 sd.
987 2801 1014 2852 p.
1034 2799 1148 2851 raspon-

133 2849 200 2903 deat
213 2850 277 2906 add.
332 2852 433 2906 uerba:
447 2852 503 2906 Uix
517 2854 550 2907 P.
605 2852 725 2906 homini·
742 2855 775 2909 P.
826 2853 925 2908 dhuic
939 2854 1081 2924 supplices
1096 2855 1147 2910 Pl.

134 2920 148 2973 7
169 2923 306 2976 senentes
325 2939 399 2996 pena
418 2925 451 2989 P,
470 2941 518 2979 em.
534 2925 582 2978 Ba
602 2925 772 2991 (severitatis
790 2940 882 2993 poena
901 2926 963 2994 Pl).
1032 2925 1148 2980 tlmetu

130 2994 282 3047 metuenda
297 2997 330 3061 P,
344 2997 421 3048 metu
436 2996 487 3050 del.
502 2996 560 3050 Ha.
608 2996 666 3050 ild.
679 3014 708 3064 p.
724 3013 856 3050 concessa
871 2998 935 3052 add.
988 2996 1026 3051 10
1039 2997 1149 3051 miseri-

132 3063 209 3118 cordi
246 3067 278 3120 P.
349 3064 386 3120 14
405 3067 431 3120 d.
443 3085 473 3136 p.
488 3066 531 3119 vir
549 3068 614 3121 add.
684 3068 721 3121 15
739 3084 799 3122 uos.
819 3067 841 3123 Ο
861 3069 895 3122 P.
965 3068 1002 3121 19
1022 3068 1146 3138 etprin-

132 3133 161 3187 di
202 3152 271 3190 aor
293 3139 358 3192 odd.
449 3137 488 3193 20
512 3138 627 3195 dilatat·
642 3139 794 3192 seueritate
814 3141 848 3206 P,
871 3141 943 3208 qaod
966 3142 1148 3206 currerim&

132 3205 161 3259 di
174 3210 243 3275 atat,
263 3209 440 3265 severitatm
456 3228 493 3279 pr
514 3227 575 3264 cum
593 3209 637 3265 Fl
655 3210 744 3265 derna
761 3212 887 3266 clausula
905 3227 1029 3280 novoque
1041 3219 1147 3266 statuta

132 3280 205 3334 verbi
220 3280 330 3335 ‘dolato'
346 3285 463 3337 notione.

1334 3399 1335 3438 l

223 3440 238 3494 I
269 3441 359 3497 Math.
383 3448 429 3509 22,
447 3447 484 3498 20
520 3457 644 3496 severam
682 3442 932 3498 animadversionis
969 3444 1146 3498 sententiam,

132 3515 385 3651 {38,}88;ev2e;am
404 3513 560 3569 sentcntiae
579 3514 856 3568 animadversionem.
882 3516 917 3582 cs.
934 3517 985 3570 Mo
1003 3519 1047 3569 21.

190 3599 224 3638 c.
280 3625 289 3650 ,
339 3627 344 3638 .
