2698 4068
215 189 292 244 XXII
618 189 823 244 PRAEFATIO

1275 1 1284 57 l

216 361 331 418 tantem
354 377 519 418 sermonem
542 359 668 417 coerceri
687 377 772 434 posse
796 359 952 434 desperare
974 376 1027 416 nos
1047 357 1226 417 confitemur.
1287 352 1289 418 l

215 445 320 523 Neque
350 467 483 523 unquam
517 447 614 506 editor
647 448 727 507 ullus
762 449 892 507 severius
922 447 1016 525 logice
1046 446 1226 524 distinguere

217 540 340 596 conatus
364 539 416 611 est,
439 536 491 597 sed
513 536 687 612 plerumque
710 536 749 595 ad
767 537 888 595 libitum
906 536 1101 614 grammatica
1125 535 1226 594 distin·

216 626 325 704 guendi
349 627 508 702 praecepte
526 626 613 685 modo
637 629 786 701 spectasse
808 625 935 685 editores
953 624 1041 685 modo
1063 625 1227 702 neglexisse

216 715 417 792 intellegimus
447 714 580 790 qualibet
603 714 732 775 editione
759 717 921 774 recentiore
950 717 1093 789 inspecta.
1138 713 1227 772 Modo

217 807 286 862 ante
310 805 487 862 sententiam
511 805 669 863 relativam
693 804 894 881 distinguunt,
921 803 1008 862 modo
1036 823 1096 862 non
1124 803 1227 861 distin-

217 897 313 971 guunt
345 912 398 951 suo
427 893 550 952 arbitrio
577 894 637 968 usi,
666 912 735 952 nam
759 913 874 969 semper
897 912 931 951 eo
954 893 1020 952 loco
1044 893 1227 969 distinguere

217 981 377 1042 absurdum
400 1001 463 1042 esse
491 982 659 1041 sentiebant
686 984 786 1057 potius
815 1001 905 1059 quam
933 981 1072 1040 sciebant.
1118 980 1229 1040 Incerti
1297 1029 1298 1032 η

216 1091 294 1130 nunc
307 1070 450 1130 traditam
464 1073 611 1131 rationem
625 1075 789 1146 sequuntur
798 1071 1047 1149 psychologicam,
1061 1089 1140 1130 nunc
1154 1089 1228 1143 eam,

216 1178 276 1236 qua
298 1161 330 1217 in
354 1160 513 1219 vernaculo
536 1179 670 1219 sermone
693 1163 740 1219 uti
763 1161 867 1220 solent.

304 1248 369 1307 Iam
391 1250 481 1325 plura
504 1249 612 1308 dixisse
635 1249 719 1308 nobis
739 1251 882 1324 videmur,
905 1269 996 1326 quam
1014 1267 1060 1308 res
1084 1248 1226 1324 postulat.

215 1337 317 1396 Unum
344 1341 445 1397 tamen
469 1339 643 1398 addendum.
693 1338 728 1396 In
757 1358 791 1397 eo
819 1341 929 1398 nostris
957 1338 1059 1398 diebus
1086 1339 1229 1414 permulti

216 1427 349 1485 studium
372 1430 403 1486 et
432 1432 594 1503 posuerunt
627 1431 657 1487 et
687 1431 811 1503 ponunt,
844 1432 878 1487 ut
910 1429 1052 1504 antiquae
1085 1429 1228 1486 orationis

216 1517 459 1592 compositionem
474 1517 664 1577 artificiosam
678 1517 861 1594 perspiciant
879 1519 987 1574 summi
1005 1518 1148 1576 momenti
1165 1535 1229 1576 esse

215 1607 275 1663 rati
298 1605 336 1664 ad
360 1608 433 1665 artis
457 1608 520 1665 eius
544 1625 666 1666 acumen
689 1606 930 1684 intellegendum,
961 1607 1140 1664 structuram
1162 1605 1228 1663 rhe-

215 1693 340 1752 toricam
368 1694 553 1770 artificiaque
578 1714 667 1770 quam
696 1695 858 1754 clarissime
886 1694 1036 1771 explicari.
1072 1695 1137 1752 lam
1161 1713 1229 1753 cum
1307 1725 1308 1728 ¹

215 1783 343 1840 sciamus
375 1787 502 1857 veteres,
534 1787 568 1841 ut
598 1802 663 1841 eam
692 1786 872 1842 structuram
899 1784 1019 1842 lectoris
1046 1783 1094 1841 vel
1121 1784 1228 1842 renita-

215 1872 289 1931 toris
317 1871 411 1930 oculis
437 1873 692 1947 demonstrarent,
722 1872 910 1931 distinctione
937 1890 1006 1932 usos
1031 1890 1101 1946 esse,
1130 1890 1229 1931 nonne

216 1959 375 2018 absurdum
400 1962 445 2018 est
468 1961 559 2019 aliam
582 1980 725 2037 usurpare
753 1960 956 2038 distinguendi
978 1961 1137 2034 rationem,
1168 1979 1229 2035 qua
1312 2012 1313 2034 ,

216 2048 376 2109 artificiosa
410 2050 464 2108 illa
499 2050 653 2126 dispositio
682 2050 880 2110 membrorum
913 2051 1056 2109 orationis
1090 2069 1149 2109 non
1177 2069 1227 2108 ne-

215 2139 346 2215 glegitur
369 2139 479 2213 solum,
511 2159 614 2198 verum
646 2142 738 2198 etiam
771 2140 940 2215 saepissime
973 2137 1148 2198 obscuratur
1180 2139 1228 2198 vel

215 2227 333 2302 penitus
358 2226 521 2287 evertitur?
544 2228 636 2288 Velut
649 2231 681 2287 in
696 2231 844 2288 sententia
867 2229 910 2286 IV
931 2231 948 2287 3
974 2227 1060 2301 (aileu
1082 2228 1229 2286 vobiscum

214 2315 357 2390 reseretis)
381 2319 457 2390 quod
480 2319 550 2376 deus
580 2321 629 2391 qui
651 2336 702 2378 vos
724 2320 793 2391 fecit
815 2322 954 2392 apaoscot
980 2319 1006 2376 si
1033 2317 1072 2375 ad
1094 2319 1229 2376 nostram

125 2411 131 2427 ‘
215 2405 311 2482 legem
339 2406 507 2466 distinxeris
536 2409 612 2480 qood
635 2409 718 2476 deae,
746 2410 796 2481 qui
818 2424 868 2465 cos
890 2409 965 2481 fecit,
989 2410 1137 2481 offecerat,
1166 2407 1229 2464 iam

216 2495 349 2553 clausula
379 2497 447 2569 fecit
476 2502 614 2570 upeoscot
636 2523 678 2543 =
694 2528 783 2556 -o.-o
820 2499 925 2555 misere
962 2496 1153 2571 discerpitur3
1193 2515 1231 2554 ao

215 2583 290 2641 talia
313 2583 468 2644 innumera
491 2586 552 2644 fere
575 2587 663 2645 facile
686 2589 811 2662 possunt
835 2586 954 2662 congeri
977 2585 1124 2660 exempla!

304 2672 522 2732 Revertendum
540 2677 635 2753 igitur
658 2675 695 2732 ad
719 2675 898 2734 rhetoricam
919 2671 1122 2752 distinguendi
1134 2675 1228 2732 ratio·

214 2779 280 2818 nem
304 2762 390 2820 unice
414 2765 516 2837 aptam
544 2765 673 2823 orationi
695 2764 850 2823 rhetoricis
874 2763 1008 2822 artificiis
1032 2761 1228 2837 compositae3

214 2849 422 2909 revertendum
450 2855 484 2910 ut
516 2853 610 2911 suasit
637 2853 886 2912 Wilamowitzius
917 2847 1047 2931 (Griech.
1076 2850 1228 2910 Lesebuch

214 2937 245 2995 ΙΙ
266 2940 293 3013 2,
314 2931 408 3022 269),
431 2944 466 2999 ut
488 2941 559 3001 fecit
581 2942 701 3000 Norden
724 2944 756 3000 in
780 2942 892 3001 edendo
913 2941 1054 3019 Vergilio.

303 3027 345 3086 At
369 3030 475 3104 quibus
499 3031 739 3092 distinctionibus
761 3026 902 3090 utamur?
926 3032 1013 3089 Aliae
1037 3049 1055 3088 a
1078 3027 1227 3088 veteribus

214 3119 417 3192 grammaticis
454 3119 710 3198 commendantur,
747 3121 823 3180 aliae
855 3122 887 3179 in
919 3119 1069 3178 codicibus
1101 3121 1228 3192 exstant,

214 3223 308 3280 neque
345 3209 477 3267 omnino¹
502 3211 575 3268 satis
612 3212 715 3285 aperta
752 3213 797 3269 est
836 3205 973 3269 ‘historia
1005 3201 1227 3283 distinctionis',

214 3311 309 3370 neque
328 3315 371 3370 ea,
395 3316 471 3372 quae
494 3299 526 3357 in
549 3299 647 3357 codice
666 3299 845 3358 Firmiciano
868 3299 1009 3375 leguntur
1032 3299 1126 3373 signa,
1150 3316 1228 3373 quae

215 3387 309 3443 sunt.
334 3385 407 3444 vel·
432 3389 462 3444 et
485 3408 494 3445 :
515 3390 545 3446 et
567 3408 578 3457 ;
604 3419 642 3428 -
668 3389 785 3463 saepius
809 3390 885 3446 sitne
909 3408 920 3458 ;
943 3406 981 3445 an
1004 3407 1013 3444 :
1037 3385 1144 3461 dispici
1167 3405 1227 3444 non

215 3474 314 3548 potest
333 3505 384 3549 -,
409 3478 488 3534 certo
512 3476 635 3535 oonsilio
659 3480 821 3536 variantur.
860 3476 957 3545 Quare
980 3495 1017 3534 ne
1041 3479 1151 3533 temere
1175 3494 1226 3533 no·

215 3578 299 3620 vassa
317 3563 495 3638 videremur,
517 3565 696 3624 retinuimus
720 3584 754 3624 ea
778 3568 873 3644 signa,
896 3583 972 3640 quae
995 3583 1073 3623 nunc
1097 3581 1226 3621 commu-
