2698 4068
514 883 808 957 PRAEFATIO.

242 1101 417 1161 Matthias
436 1101 584 1160 Flauius
607 1100 780 1176 Illyricos
804 1102 941 1158 strenuus
959 1098 1086 1157 liutheri
1104 1115 1155 1156 suo
1177 1111 1218 1173 §1

154 1182 283 1271 cessorl)
307 1191 379 1248 dum
400 1193 433 1248 in
456 1189 666 1248 conscribenda
690 1184 828 1248 thistoria
851 1183 1062 1248 ecclesiastica'
1082 1183 1166 1247 occu-

152 1282 242 1354 patus
274 1279 471 1339 bibliothecas
508 1281 569 1337 acri
606 1278 704 1338 studio
736 1280 953 1354 perscrutatur,
985 1276 1104 1336 Mindae
1135 1277 1168 1334 in

49 1365 51 1370 ’
154 1368 285 1426 codicem
312 1368 460 1442 quendam
486 1367 593 1426 incidit
620 1367 820 1426 continentem
844 1362 924 1442 ‘Iulij
953 1359 1077 1424 Firmioi
1103 1365 1166 1423 Ma-

153 1456 232 1514 terni
255 1456 290 1514 V.
311 1455 342 1515 O.
362 1457 397 1514 de
422 1474 519 1515 errore
541 1457 735 1531 profanarum
757 1456 936 1533 religionum
962 1455 1000 1513 ad
1024 1453 1166 1514 Constan-

153 1544 230 1602 tium
258 1545 281 1602 dc
309 1543 502 1604 Constantem
524 1545 678 1622 Augustos
705 1541 836 1614 librum',
865 1563 952 1619 quem
980 1562 1046 1602 eum
1070 1545 1100 1601 et
1122 1545 1166 1602 in-

154 1633 268 1692 editum
287 1651 349 1693 esse
369 1636 559 1712 cognosceret
573 1636 603 1692 et
618 1629 837 1712 ‘dignissimum
850 1633 985 1692 libellum
1000 1633 1052 1707 qui
1066 1628 1167 1707 extet',
1279 1636 1280 1640 ’

154 1726 285 1783 censeret
314 1718 390 1782 ‘tum
418 1725 541 1800 propter
569 1725 711 1783 sermonis
739 1721 926 1800 elegantiam,
953 1725 1018 1781 tum
1044 1724 1168 1796 propter

152 1814 313 1872 vetustatis
336 1813 483 1871 llthnicae
506 1813 593 1871 simul
619 1816 649 1871 et
669 1811 863 1887 Christianae,
888 1812 1018 1887 quaein
1041 1829 1075 1870 eo
1098 1828 1166 1870 oon·

152 1903 267 1960 tinetur
284 1895 508 1980 cognitionem',
526 1903 608 1977 typis
627 1900 828 1959 mandandum
849 1903 966 1960 curavit
983 1899 1167 1978 Argentinae

153 1990 233 2068 apud
251 1991 380 2050 Paulum
394 1991 669 2066 Machaercpceum,
692 1990 858 2065 sumptibus
876 1989 1018 2049 Iohannis
1033 1986 1167 2065 Oporini,

153 2098 230 2138 anno
263 2079 415 2138 MDLXH.
470 2080 568 2138 Tanta
604 2082 706 2138 autem
742 2079 932 2157 neglegentia
963 2096 1083 2136 munere
1113 2095 1165 2137 suo

152 2169 272 2227 functus
296 2172 341 2228 est
358 2169 477 2228 Flauius
502 2187 570 2227 cum
592 2170 625 2227 in
648 2171 731 2226 textu
750 2167 858 2226 Latino
878 2166 1084 2226 constituendo
1102 2169 1167 2224 tum
1202 2222 1206 2230 ,

151 2259 184 2316 in
208 2257 406 2334 exprimendis
428 2257 527 2318 verbis
551 2256 671 2317 Graecis
695 2277 729 2317 ex
751 2257 881 2317 Homero
904 2256 952 2315 vel
975 2255 1095 2314 aliunde
1119 2274 1166 2313 ex·

152 2348 261 2424 carptis
286 2380 317 2388 -
346 2365 422 2422 quae
451 2365 540 2421 quam
568 2348 683 2423 spurcis
710 2347 825 2405 mendis
852 2347 1002 2419 horreant,
1030 2343 1080 2403 vix
1107 2344 1167 2402 dici

151 2439 252 2511 potest
276 2467 332 2510 —,
356 2439 391 2495 ut
422 2436 571 2512 permulta
603 2435 787 2494 emendanda
818 2434 944 2511 posteris
975 2433 1166 2508 relinqueret,

152 2525 206 2599 qui
232 2525 264 2582 in
291 2525 478 2584 resarciendo
504 2527 588 2584 textu
613 2525 654 2583 'ab
678 2524 791 2583 editore
814 2525 911 2600 primo
934 2522 1091 2581 obscurato
1113 2540 1165 2597 po-

152 2612 213 2672 tius
246 2631 338 2688 quam
369 2617 400 2672 in
429 2614 526 2673 lucem
556 2613 636 2672 edito
668 2613 799 2671 multum
834 2613 946 2671 frustra
983 2610 1167 2669 desudarunt

152 2704 323 2778 propterea,
353 2703 433 2778 quod
459 2703 555 2762 Flauii
582 2703 711 2761 codicem
740 2721 794 2778 per
824 2705 871 2760 ter
903 2702 1041 2759 centenos
1074 2718 1166 2759 annos

151 2790 285 2850 invenire
309 2794 339 2850 et
360 2794 506 2869 inspicere
528 2811 587 2851 non
610 2794 781 2867 potuerunt.

241 2879 359 2940 Primus
391 2883 487 2958 igitur
518 2884 587 2957 post
617 2880 754 2939 Flauium
785 2879 938 2938 Ioannes
971 2896 988 2936 a
1020 2877 1165 2952 Wower,

152 2971 236 3029 cuius
260 2969 352 3029 editio
375 2989 453 3029 anno
477 2968 607 3028 MDOIII
630 2989 665 3027 ex
687 2966 1072 3045 bibliopolio-Frobeniano
1098 2984 1165 3042 pro-

152 3058 209 3116 diit
227 3051 433 3139 (Hamburgi),
455 3059 584 3118 Firmino
608 3077 729 3135 operam
753 3057 943 3132 studiumque
965 3058 1009 3115 ita
1031 3057 1166 3130 navavit,

151 3150 187 3205 ut
204 3149 269 3206 iure
293 3147 324 3205 in
347 3149 427 3206 calae
450 3148 545 3207 libelli
567 3147 711 3225 glorietur
734 3142 781 3205 ‘er
805 3145 1007 3219 subverbusto,
1030 3147 1067 3204 ut
1089 3144 1165 3203 anti·
1260 3197 1269 3214 ,

151 3238 205 3312 qui
235 3236 444 3312 loquebantur,
476 3256 536 3296 non
567 3236 746 3312 dedititium,
778 3234 829 3294 sed
860 3236 892 3293 in
925 3235 1058 3293 fraudem
1090 3233 1165 3310 legis

150 3325 256 3385 Aeliae
280 3325 399 3386 Sentias
423 3329 518 3386 civem
540 3319 719 3384 Romanum'
745 3325 906 3384 Firmicum
929 3323 1095 3384 refecisse.
1135 3322 1165 3380 Is

150 3446 365 3456 ———-

242 3517 269 3584 1)
288 3513 328 3568 cf.
344 3513 479 3568 Wilhelm
497 3514 608 3584 Preger,
626 3512 726 3566 Matth.
741 3511 816 3566 Flac.
833 3511 908 3580 Illyr.
923 3510 981 3564 und
1001 3509 1076 3564 scine
1095 3509 1163 3575 Zeit,

152 3584 255 3653 avoll,
274 3585 416 3657 Erlangcn
437 3586 567 3656 1859J61.
