2684 4062
219 193 262 258 80
562 195 699 252 FIRMICI
716 195 886 250 MATERNI

106 370 204 424 Μ’
217 363 376 422 severitate
397 357 401 441 1
422 365 589 440 suspendit,
618 383 656 424 ne
685 384 739 425 vos
766 365 893 425 forsitan
920 382 1043 440 peccare
1071 363 1236 438 paeniteat,

216 471 253 510 ne
277 452 439 529 sacrilegae
462 454 627 514 voluntatis
651 456 775 514 exitium
798 454 899 530 aliquo
922 472 1029 531 genere
1046 451 1235 528 relinquatis.

217 541 293 600 Ecce
321 541 441 618 inipso
468 543 684 621 indignationis
712 545 827 620 impetu
852 542 1008 603 moderata
1036 559 1137 600 uersus
1160 561 1235 602 voce

215 630 382 705 persuadet,
406 634 437 690 et
454 633 566 691 irarum
585 652 705 695 suarum
725 634 884 708 conprimit
903 631 1047 690 stimulos
1080 629 1135 689 Ait
1153 633 1235 700 enim

126 749 127 752 ¹
215 739 269 795 per
282 719 465 779 Hieremiam
479 723 669 798 prophetam:
687 717 825 783 ‘Nolite
845 720 1028 780 ambulare
1048 723 1130 796 post
1148 720 1234 780 deos
1268 741 1282 779 5

217 810 356 868 alienos
375 812 414 868 ut
433 811 604 870 serviatis
629 813 694 886 eis,
717 813 753 870 et
771 830 812 870 ne
832 811 1154 884 adoraveritis,ne
1177 809 1234 868 in-

217 899 342 958 citetis
361 918 412 957 me
431 901 467 958 in
486 901 656 976 operibus
674 919 841 960 manuum
859 902 1073 959 vestrarum·
1098 897 1140 956 ad
1159 898 1234 958 dis-

164 994 197 1041 13
216 987 416 1062 perdendos
441 984 524 1048 vos'
570 987 647 1059 Quid
670 993 712 1049 sic
736 989 774 1048 ad
797 989 988 1066 sacrilegium
1010 1005 1121 1064 pronus
1144 1006 1234 1048 aures

216 1079 283 1136 tuas
312 1076 462 1138 obstruis?
509 1077 586 1148 Quid
615 1081 657 1139 sic
684 1080 830 1139 obstinati
852 1078 962 1138 furoris
987 1077 1093 1136 ardore
1116 1077 1147 1134 in
1171 1079 1234 1136 exi·

197 1166 292 1225 tium
319 1169 406 1225 tuum
432 1170 617 1244 mortemque
644 1163 792 1228 festinas?
837 1167 978 1226 Liberum
1000 1170 1031 1225 te
1054 1167 1127 1225 deus
1150 1166 1292 1242 fecit,1o.

215 1255 248 1312 in
270 1258 323 1314 tua
350 1274 441 1314 manu
469 1260 513 1317 est
541 1261 575 1315 ut
599 1259 652 1317 aut
673 1257 775 1317 vivcs'
791 1260 844 1317 aut
866 1275 978 1332 pereas.
1025 1254 1110 1324 Quid
1125 1259 1155 1314 te
1179 1275 1235 1331 per

216 1344 344 1420 abrupta
366 1344 568 1421 praecipitas?
602 1347 775 1406 inlubrico
799 1348 905 1405 itinere
929 1345 1122 1404 constitutus*
1147 1347 1177 1402 et
1200 1345 1234 1402 in

214 1434 280 1509 ipso
303 1434 391 1510 lapsu
411 1437 540 1510 positus·
563 1436 730 1496 titubantia
748 1435 910 1510 aliquando
929 1434 1075 1510 suspende
1093 1435 1233 1511 vestigia.

214 1523 290 1582 Ecce
315 1525 462 1583 sententia
486 1525 641 1601 promitur,
665 1545 730 1586 ecce
753 1543 850 1601 poena
873 1524 1050 1584 decernitur.
1091 1523 1153 1582 Diu
1175 1526 1232 1582 cri-

214 1611 344 1672 minibus
367 1615 427 1672 tuis
451 1615 584 1689 pepercit
607 1615 720 1675 divina
733 1614 909 1688 moderatio,
932 1612 984 1671 diu
1001 1613 1123 1672 'facinus
1145 1614 1235 1682 tuum
1250 1636 1282 1675 rs

214 1719 281 1760 oum
314 1701 554 1762 dissimulatione
585 1706 724 1781 respexit.
770 1703 912 1764 Pervenis
933 1701 984 1770 ‚ad
1009 1701 1086 1759 illud
1114 1719 1234 1776 anceps,

214 1789 266 1849 ubi
289 1806 367 1866 spes·
387 1791 440 1850 ubi
463 1796 536 1852 vota
558 1793 712 1867 deficiunt,
743 1797 773 1852 et
797 1794 830 1854 ut
852 1791 1041 1851 manifestius
1064 1790 1234 1865 insinuatio,

142 1901 200 1950 (ree)
215 1879 481 1940 animadversionis
508 1882 619 1940 exitum
654 1883 755 1942 disee
789 1882 886 1957 Super
912 1881 968 1939 hac
995 1899 1027 1937 re
1054 1881 1088 1938 in
1109 1879 1233 1956 Apoca-

213 1969 292 2045 lypsi
315 1973 397 2030 totus
421 1970 493 2030 ordo
516 1973 653 2047 responsi
675 1975 729 2044 est,
752 1971 796 2030 ita
819 1971 898 2029 enim
922 1971 1066 2045 seriptum
1089 1971 1147 2027 est:
1177 1964 1233 2027 ‘Si

214 2058 294 2135 quis
319 2059 447 2119 adorat
470 2059 630 2120 bestiam
649 2064 682 2119 et
704 2059 897 2138 imaginem
921 2059 1012 2135 eius,
1036 2061 1071 2117 et
1089 2059 1283 2134 accepitne

213 2152 333 2206 notam
361 2149 396 2206 in
424 2150 542 2208 fronte
566 2168 629 2208 sua
653 2152 687 2208 et
709 2152 745 2208 in
767 2169 885 2223 manu,
912 2148 1007 2207 bibit
1032 2150 1067 2206 et
1089 2149 1165 2223 ipse
1189 2147 1232 2205 de

213 2239 297 2295 vino
321 2238 395 2298 irae
423 2237 479 2296 dei
507 2241 617 2298 mixto
646 2240 682 2297 in
714 2240 845 2316 poculo
877 2238 953 2296 irae
982 2237 1072 2311 eius,
1105 2239 1140 2295 et
1167 2256 1231 2312 pu·

213 2325 335 2386 nietur
357 2327 440 2405 igne
459 2329 493 2386 et
512 2328 683 2405 sulphore
707 2328 770 2388 sub
795 2327 910 2387 oculis
933 2326 1031 2404 agni,
1054 2328 1089 2384 et
1112 2326 1232 2384 fumus

214 2415 254 2474 de
277 2416 469 2478 tormentis
493 2437 613 2476 eorum
635 2418 671 2477 in
695 2418 841 2478 saecula
859 2416 1084 2478 saeculorum
1108 2432 1231 2473 ascen-

214 2506 286 2579 det,
314 2524 376 2564 nec
403 2506 585 2566 habebunt
612 2509 771 2582 requiem
800 2506 857 2564 die
880 2524 919 2564 ac
941 2507 1045 2564 nocte
1070 2504 1281 2579 quicum-ss

214 2613 279 2670 que
304 2595 458 2654 adorant
480 2595 633 2656 bestiam
657 2600 692 2655 et
714 2598 907 2672 imaginem
931 2589 1027 2653 eius.'

303 2765 321 2818 5
344 2766 400 2820 Jer.
415 2770 462 2833 25,
473 2771 497 2820 6.
609 2765 645 2820 12
671 2767 746 2836 Vero.
761 2766 830 2821 Aeo.
851 2765 878 2818 V
893 2769 946 2834 331
969 2763 1016 2818 hic
1039 2762 1147 2817 iuvenis
1171 2763 1230 2816 iam
1335 2771 1336 2780 ¹

212 2837 537 2978 iltitffpgzmizvgs-ffiffia
551 2853 647 2906 presso
666 2837 736 2891 baut
753 2837 846 2890 tenuit
864 2835 989 2890 titubata
1008 2833 1067 2888 solo
1088 2835 1152 2902 (Mo
1172 2837 1230 2902 51).

303 3033 319 3086 1
339 3050 374 3087 ne
385 3065 418 3074 -
429 3051 464 3087 ne
478 3036 512 3099 P,
529 3035 601 3102 quod
615 3040 685 3088 tend
699 3034 750 3087 Hc
765 3034 838 3088 ‘cum
851 3050 944 3088 coum
958 3048 1012 3088 cecc
1023 3031 1131 3101 possit'.
1160 3030 1184 3082 si
1195 3061 1230 3070 -

212 3106 245 3158 ut
262 3105 312 3159 Fl.
351 3121 419 3158 num
434 3137 466 3146 -
482 3123 550 3158 num
568 3107 624 3172 Bu,
643 3113 668 3160 et
685 3107 717 3159 io
735 3106 807 3160 boec
824 3106 987 3160 cromatium
1006 3103 1077 3158 clleo
1095 3117 1131 3155 ne
1150 3103 1230 3156 intel-

212 3177 362 3247 leyeodom,
381 3177 416 3243 cf.
432 3178 470 3231 ad
489 3181 561 3242 67,3
580 3177 625 3232 Sic.
686 3175 705 3230 9
725 3177 750 3231 d.
761 3195 790 3246 p.
807 3175 928 3230 obstruis
948 3175 1013 3229 odd.
1077 3173 1175 3227 ardere
1193 3174 1230 3227 P.

247 3248 293 3302 cd.
305 3266 335 3317 p.
351 3247 388 3302 12
407 3247 578 3316 praecipitas
597 3255 622 3302 et
641 3246 679 3302 14
697 3249 836 3317 promitur
853 3255 878 3302 et
898 3247 933 3300 17
954 3245 1102 3299 instruaris
1122 3245 1186 3298 cdd.

213 3319 250 3374 le
270 3321 375 3374 exitum
395 3318 472 3374 disce
491 3320 536 3387 St,
554 3337 623 3390 qaue
641 3321 794 3374 emendatio
813 3327 887 3374 certo
904 3320 935 3386 fit
954 3319 986 3372 cl.
1001 3321 1107 3384 45,10,·
1130 3314 1230 3370 exitui.

212 3391 295 3446 Disce
314 3409 366 3463 sup
385 3392 418 3446 P.
474 3390 513 3444 20
532 3391 637 3460 accipit
650 3409 690 3460 pr
707 3408 769 3446 coeo
787 3392 836 3445 Fz.
897 3389 933 3443 21
955 3388 1034 3444 bibet
1048 3405 1086 3457 pr
1100 3405 1161 3441 cum
1175 3386 1228 3441 Fi.

211 3464 248 3518 22
267 3463 356 3518 mixta
374 3465 407 3518 P.
482 3462 519 3516 23
540 3461 674 3531 sulphure
692 3463 735 3517 Fi
753 3470 778 3518 et
793 3481 837 3534 pr.

299 3590 316 3642 o
336 3589 370 3655 cf.
388 3589 438 3643 Mo
455 3593 499 3643 20.
593 3586 631 3642 ιο
650 3588 685 3653 cf.
698 3592 779 3655 24,1.
801 3591 844 3655 74,
853 3590 880 3641 2.
