2698 4068
587 183 678 244 §23
1094 179 1145 234 XV

129 347 212 406 Haeo
234 349 363 423 primum
386 346 602 424 investiganda.
645 346 704 415 Qui
727 349 805 406 enim
825 348 922 408 adhuc
944 347 980 406 de
1002 348 1146 408 clausulis

130 439 263 514 egerunt,
286 437 317 494 in
342 454 376 495 eo
400 437 500 513 potius
519 435 654 495 studium
677 455 763 495 suum
783 439 956 514 posuerunt,
979 439 1014 497 ut
1037 437 1144 513 quibus

129 526 245 604 legibus
269 525 420 585 clausulae
442 524 642 584 formarentur
659 525 846 605 indagarent,
870 546 959 603 quam
977 529 1013 585 ut
1036 525 1144 603 quibus

113 667 117 674 .
130 614 246 692 periodi
268 614 341 674 locis
365 613 403 671 ad
426 633 563 673 numeros
577 614 668 672 verba
682 615 811 674 solerent
825 617 941 691 concipi
956 617 1144 691 quaererent3

131 703 211 780 quod
235 702 397 763 divinando
410 703 512 779 potius
535 721 626 778 quam
644 703 804 781 diligenter
826 704 1010 764 observando
1034 707 1143 764 statue·

129 792 210 853 bant.
256 792 443 852 Pertractato
471 793 567 870 igitur
592 792 715 851 Firmici
742 793 843 853 libello
871 794 948 852 hanc
976 795 1004 852 ei
1030 795 1062 852 in
1085 793 1144 853 dis-

130 881 273 958 ponendis
303 881 446 941 clausulis
475 900 645 956 supremam
674 881 771 958 legem
801 900 862 942 esse
889 882 1081 958 pervidimus,
1111 885 1146 942 ut

131 989 221 1047 quam
257 972 385 1030 menime
422 971 567 1030 orationis
603 971 735 1030 membra
770 974 850 1031 inter
886 991 916 1032 se
953 973 1081 1047 aequata
1112 973 1145 1030 in

131 1060 279 1120 clausulas
303 1059 418 1119 cudant.
465 1059 658 1118 Rhetoricum
680 1060 736 1119 hoo
763 1064 953 1138 praeceptum
977 1079 1044 1120 cum
1066 1079 1144 1119 sum-

130 1168 210 1208 mam
238 1148 357 1224 imperii
387 1151 498 1223 teneat,
530 1150 631 1208 tamen
663 1149 820 1209 verborum
851 1151 1030 1210 sententiam
1061 1149 1144 1208 nullo

131 1237 218 1297 modo
241 1236 360 1314 neglegi
382 1255 469 1311 posse
487 1241 718 1297 consentaneum
736 1242 789 1300 est.
826 1238 926 1315 Atque
943 1239 1000 1298 hae
1023 1238 1144 1315 quidem

131 1329 202 1384 sunt
224 1326 315 1401 leges,
338 1325 445 1401 quibus
463 1325 611 1386 rhetorica
633 1327 750 1402 periodi
777 1327 932 1405 dispositio
955 1347 1024 1387 cum
1046 1347 1144 1406 gram·

130 1414 242 1473 matioa
264 1415 417 1474 str‘uctura
439 1415 623 1474 conciliatur.

223 1503 502 1564 renuntiationes
530 1505 675 1563 relativae
702 1503 751 1562 vel
774 1506 1039 1580 coniunctionalee,
1066 1525 1144 1582 quae

131 1591 170 1651 ad
193 1592 389 1668 supplendum
412 1591 593 1652 substantivi
615 1593 663 1652 vel
682 1592 766 1652 verbi
789 1611 907 1653 sensum
932 1594 1089 1669 adduntur,
1112 1596 1144 1654 in

130 1701 224 1741 unum
248 1699 316 1740 oum
339 1701 374 1741 eo
398 1682 621 1756 contrahuntur,
644 1682 728 1740 velut
750 1681 819 1742 115
843 1682 973 1742 Frustra
996 1686 1047 1744 uer
1069 1685 1145 1743 douc

131 1789 240 1844 equom
253 1789 343 1844 quoue
356 1773 425 1830 colis
439 1763 587 1853 (.o-.o.),
606 1775 698 1846 pulos
712 1771 871 1846 aliquando
879 1774 1027 1846 prodesse.
1050 1773 1110 1833 VH
1126 1778 1141 1833 1

129 1861 211 1920 diues
228 1863 355 1920 rrustious
374 1862 421 1920 cur'
434 1865 555 1934 propter
573 1861 692 1920 diuitias
709 1861 817 1920 Plutou
833 1862 892 1934 fuit
908 1879 1013 1921 uomere
1026 1856 1143 1945 pum)

130 1949 177 2008 ΙΠ
192 1950 211 2008 3
226 1950 276 2008 sed
287 1950 339 2008 hoo
350 1951 415 2024 opis
426 1953 460 2008 ut
470 1951 579 2009 unuur’s
591 1951 713 2009 luctibus
727 1955 882 2024 occupatus
891 1941 1045 2033 (mmm)
1055 1955 1144 2012 uitam

130 2056 242 2110 semper
264 2040 365 2113 fugias
387 2043 506 2098 mortem
529 2041 663 2112 requiras
679 2031 858 2121 (commo)
896 2039 932 2097 In
954 2040 1013 2099 fine
1035 2041 1143 2100 talium

131 2128 370 2186 enuntiationum
389 2128 523 2188 clausula
541 2129 675 2205 ponitur,
701 2127 760 2186 nisi
778 2147 846 2187 cum
863 2128 1022 2188 admodum
1041 2129 1143 2190 breves

131 2218 208 2291 sunt,
227 2217 310 2276 velut
327 2217 383 2276 XV
398 2220 417 2276 2
439 2235 503 2276 erun
522 2219 605 2277 ouius
622 2219 716 2290 filiam
731 2218 849 2290 petebat
865 2218 973 2290 froude
984 2221 1144 2294 proditoris

12 2309 13 2312 ’
131 2306 240 2373 occidit,
273 2307 322 2364 vel
354 2324 421 2364 cum
450 2306 513 2365 eius
544 2307 757 2365 enuntiationis
787 2306 876 2365 finem
905 2307 999 2366 totius
1029 2308 1144 2384 periodi

131 2392 198 2452 finis
222 2393 426 2470 subsequitur,
460 2397 493 2453 in
524 2414 614 2453 unam
649 2397 727 2454 enim
759 2399 830 2454 tunc
860 2395 1026 2455 clausulam
1057 2397 1143 2456 ambo

132 2483 304 2557 saepissime
328 2483 517 2560 colligimur,
541 2482 624 2543 velut
646 2484 689 2542 IV
709 2486 728 2542 3
752 2485 825 2544 otuu
847 2485 993 2544 uobiscum
1015 2487 1145 2559 referetis

132 2571 208 2642 quod
231 2571 302 2628 deus
325 2573 375 2643 oui
397 2588 448 2630 uos
469 2573 537 2644 fecit
559 2577 698 2646 opuoseot
711 2565 836 2654 (.o-.o).

223 2661 241 2717 2
276 2659 503 2720 Enuntiationes
537 2678 612 2737 quae
642 2661 827 2722 adverbiales
857 2666 1002 2722 vocantur
1030 2684 1083 2740 per
1113 2683 1144 2724 se

132 2746 307 2824 plerumque
330 2748 388 2807 coli
410 2750 507 2809 instar
535 2753 605 2809 sunt
628 2750 763 2810 clausula
785 2751 938 2827 instructi,
964 2755 1024 2812 nisi
1050 2753 1144 2813 nimia

132 2855 234 2896 earum
260 2836 408 2897 brevitate
435 2856 502 2896 curn
528 2838 663 2899 finitimis
691 2841 789 2899 verbis
819 2860 868 2900 eae
892 2841 923 2899 in
949 2861 1044 2900 unum
1067 2861 1143 2902 oom-

131 2928 254 2986 miseere
282 2927 447 2987 rhetoricae
475 2929 683 2988 concinnitatis
715 2929 831 3007 legibus
862 2932 990 3006 scriptor
1016 2933 1142 3010 cogitur.

131 3015 277 3092 Exempla
299 3016 360 3075 sint
382 3017 467 3076 haec:
498 3016 529 3076 Π
550 3021 568 3076 2
592 3019 654 3077 Isr's
675 3019 828 3091 repudiato
846 3020 958 3093 Tyfoue
979 3025 1013 3078 ut
1034 3025 1061 3080 et
1081 3024 1144 3096 fro·

133 3109 204 3164 treru
226 3107 358 3179 sepeliret
380 3111 407 3165 et
428 3109 575 3181 corrupere
598 3099 742 3190 (-o--o.),
766 3109 899 3167 adtribuit
920 3110 977 3168 sibi
998 3109 1144 3182 Neptturu

131 3209 259 3252 sororem
289 3198 398 3254 socium
430 3200 456 3254 et
486 3194 622 3255 Anubem
644 3202 816 3256 venatorem.
857 3196 942 3256 1113
973 3199 1012 3258 Ut
1030 3203 1144 3272 proteus

127 3300 184 3356 pro
211 3286 322 3344 reuatc's
347 3285 484 3358 frugibus
511 3302 583 3359 opos
610 3287 710 3344 ululas
737 3277 927 3368 (mmm),
955 3291 989 3346 ut
1012 3288 1144 3361 gaudeus

131 3372 255 3447 rurore

222 3463 250 3522 3.
274 3462 502 3523 Enuntiationes
526 3462 715 3522 coordinatae
743 3483 858 3540 semper
883 3465 945 3524 fere
968 3470 1144 3541 separantur

133 3549 266 3610 clausula
279 3552 465 3628 interposita.
498 3552 636 3629 Exempli
650 3553 749 3630 gratia
762 3554 895 3613 conferas
910 3553 941 3613 Π
956 3556 974 3613 2
987 3602 992 3615 .
1004 3602 1027 3615 ..
1043 3557 1145 3614 occidit
