2684 4062
315 203 365 256 DE
383 202 533 258 ERRORE
552 202 654 258 Paos.
670 203 748 257 REL.
769 201 845 258 OAP.
860 203 976 258 XXVIII
1113 199 1152 268 ’Π

138 373 190 430 dii
212 369 349 432 nostri?
381 372 443 431 Dat
466 374 558 432 etiam
581 373 679 449 legem
701 392 792 448 quum
816 375 1004 432 consecratus
1025 374 1155 449 populus

137 463 245 522 devota
268 463 472 539 perpetuitate
495 462 652 535 custodiat,
676 464 771 522 etita
788 462 925 522 mandat:
949 457 1152 521 ‘Dominum

137 551 238 610 deum
261 551 489 621 adorabis-‚es
510 553 584 628 ipsi
608 552 676 611 soli
700 545 857 613 servies.'
887 552 927 610 Et
955 552 986 610 in
1010 551 1153 611 Deutero-

137 643 237 702 nomio
268 643 379 702 similia
409 642 458 700 dei
487 640 630 702 mandata
659 645 835 714 noscuntur,
865 641 909 698 ait
937 642 1029 699 enim:
1062 637 1154 700 ‘Non

110 732 243 789 cerunt
264 731 335 791 tibi
358 733 411 790 dii
434 730 501 789 alii
524 733 657 807 absque
680 723 751 788 me.’
800 729 895 791 Addit
919 732 1011 789 etiam
1033 732 1153 790 utani-

139 822 196 879 mis
219 839 320 880 eorum
342 819 511 881 maiestatis
534 840 605 881 suae
623 818 739 897 pondus
759 822 905 881 insinuet:
929 814 1086 882 ‘Videte'
1105 822 1152 879 vi-

136 909 229 969 dete·
255 910 340 985 quia
370 929 434 989 ego
464 927 540 970 sum
570 914 605 969 et
634 928 702 970 nou
733 914 789 971 est
817 910 902 968 deus
925 913 1071 985 praeter
1092 928 1153 990 me.

135 999 210 1076 Ego
228 1001 436 1060 interimam
455 1001 491 1056 et
508 1002 631 1060 vivore
650 999 795 1076 faciam,
816 999 1018 1076 percutiam
1037 1006 1071 1061 ct
1089 1017 1153 1078 ego

136 1089 269 1147 sanabo
301 1095 336 1150 et
365 1107 434 1149 non
465 1094 519 1147 est
548 1091 610 1166 qui
633 1090 770 1167 eripiat
793 1089 832 1148 de
855 1088 1021 1150 manibus
1044 1081 1153 1151 meia’

96 1192 122 1232 ιο
135 1177 171 1234 In
180 1177 365 1256 Apocalypsi
375 1179 466 1238 etiam
480 1177 536 1239 hoc
549 1179 629 1238 idem
643 1183 746 1238 sancta
760 1179 944 1238 revelatione
957 1184 1153 1250 monstratum
1172 1181 1189 1230 8

134 1267 178 1324 ita
202 1269 282 1325 enim
304 1270 449 1346 scriptum
472 1271 530 1329 est:
559 1264 621 1327 ‘nt
649 1269 727 1327 ridi
756 1268 867 1326 alium
898 1269 1063 1345 angelum
1093 1287 1152 1328 vo·

135 1355 272 1415 laniem
299 1360 415 1418 madio
443 1359 544 1418 caelo
571 1359 759 1417 habentem
785 1358 1012 1434 evangelium
1035 1363 1152 1418 aeter·

135 1464 229 1520 num,
257 1452 296 1506 ut
318 1448 556 1510 adnuntiaret
579 1451 841 1524 superterram
865 1466 927 1522 per
950 1465 1068 1507 omnes
1091 1465 1154 1506 naa

134 1538 254 1598 tiones
285 1540 462 1600 attribue
493 1539 527 1596 et
550 1538 695 1615 linguas
719 1541 754 1597 et
776 1538 943 1613 populos,
973 1539 1153 1598 dicentem

96 1637 121 1677 1⁶
136 1646 220 1686 voce
243 1647 385 1706 magna:
408 1629 561 1688 metuite
583 1630 707 1704 potius
730 1628 911 1686 dominum
934 1630 969 1684 et
987 1628 1070 1687 date
1093 1629 1153 1686 illi

135 1718 345 1778 claritatem
377 1719 546 1796 quoniam
575 1720 677 1778 venit
707 1718 797 1776 hora
828 1717 960 1777 iudicii
991 1717 1082 1789 eius,
1118 1721 1154 1776 et

135 1808 284 1866 adorate
313 1829 389 1869 eum
413 1809 475 1885 qui
497 1808 587 1868 fecit
610 1809 747 1867 caelum
769 1812 805 1870 et
827 1809 974 1881 terram,
1000 1825 1095 1867 mare
1119 1810 1153 1864 et

116 1898 253 1962 .omnia
273 1901 418 1973 quaein
437 1899 488 1957 ais
508 1894 610 1957 sunt!
633 1894 637 1976 Ι
658 1898 807 1958 Dominus
824 1915 942 1972 quoque
955 1902 1057 1957 noster·
1071 1899 1153 1956 Iesus
1162 1913 1257 1967 sarrs
1338 1897 1339 1904 '

134 1985 270 2045 Christus
289 1980 415 2064 paterna
432 1987 507 2065 legis
525 1988 667 2048 instituta
686 1989 872 2048 custodiens·
890 1988 947 2046 hoc
968 1987 1048 2046 idem
1065 2007 1152 2046 vene·

95 2076 229 2134 2⁰randa
252 2078 465 2137 constitutione
492 2078 677 2156 promulgat3
706 2077 751 2134 ait
773 2078 865 2137 enim:
895 2072 1001 2137 ‘Audi
1024 2076 1152 2138 Israel:

134 2167 300 2227 dominus
329 2167 414 2226 deus
442 2170 525 2226 tuus
553 2168 638 2226 deus
665 2185 757 2226 unus
781 2171 848 2240 ost,
877 2169 912 2224 et
935 2167 1068 2245 diliges
1093 2167 1151 2224 do·

134 2259 267 2316 minum
294 2256 395 2316 deum
421 2259 523 2316 tuum
550 2257 591 2314 de
618 2258 697 2315 toto
720 2257 825 2316 corde
848 2259 922 2332 tuo,
951 2261 985 2316 et
1008 2257 1049 2314 de
1072 2258 1152 2315 tota

135 2349 249 2405 anime
272 2349 334 2405 tua
358 2350 393 2406 et
415 2346 456 2404 de
474 2349 554 2406 tota
572 2347 711 2406 virtute
734 2348 810 2405 tua:
833 2345 899 2404 hoc
917 2347 1069 2422 primum
1089 2349 1150 2404 est.

135 2435 175 2494 nt
199 2435 393 2494 secundum
417 2436 537 2495 simile
563 2436 660 2493 huic:
692 2432 825 2514 diliges
852 2439 1052 2509 proximum
1079 2435 1150 2494 tibi
1164 2452 1221 2500 (ιιι)

95 2526 314 2599 ²⁵tamquam
345 2529 387 2583 te.
433 2525 474 2584 In
503 2525 561 2583 his
592 2524 729 2584 duobus
759 2527 964 2602 praeceptis
993 2528 1073 2584 tota
1094 2524 1151 2582 lex

133 2613 267 2691 pendet
298 2617 333 2673 et
365 2609 583 2690 prophetae'
630 2614 772 2691 Sequitur
804 2619 905 2675 autem
931 2616 987 2674 hoo
1015 2614 1185 2674 divinum9

112 2704 393 2778 ,venerandumque
422 2705 564 2780 praecept
564 2724 613 2762 um
644 2705 813 2765 inmortalis
843 2704 956 2764 domini
984 2723 1018 2763 ac
1045 2705 1149 2764 sancta

133 2793 292 2852 conclusio.
325 2792 420 2851 Addit
437 2795 516 2852 enim
535 2813 555 2850 u
556 2795 812 2854 tmanifestius
786 2814 866 2854 uam
881 2793 988 2854 salutis
1002 2792 1149 2868 ostendat,

223 3054 652 3120 amorthweroetlauea
707 3052 904 3115 4Deec.5‚7.
960 3051 1147 3118 tio.32,39

134 3126 169 3180 ll
190 3129 410 3194 Apoc.14‚.68q
484 3125 523 3180 20
543 3127 634 3181 Marc
650 3129 694 3193 12,
703 3128 821 3180 29—31.
857 3125 958 3178 Matri.
973 3127 1020 3191 22,
1030 3127 1146 3178 37-46.

222 3305 320 3374 3666
338 3304 509 3374 deum(d1i1)
532 3305 605 3360 duce
623 3304 729 3358 litterae
750 3320 844 3358 erasae
867 3321 936 3371 quae
955 3303 1002 3356 dm
1024 3303 1146 3370 fueraut,

133 3378 167 3444 cs.
183 3378 250 3432 ΒΜ
264 3381 335 3433 296:
353 3379 433 3430 tuum
448 3393 486 3445 pr
500 3383 610 3444 praeter
629 3378 684 3430 Bu.
767 3375 784 3428 8
804 3375 830 3428 6
841 3392 871 3443 p.
886 3373 990 3429 faciam
1008 3374 1072 3429 666.

134 3447 169 3500 ll
190 3447 305 3502 uolente
324 3465 392 3503 corr.
403 3465 426 3517 p
445 3465 478 3502 ee·
496 3446 616 3503 uolente
715 3445 750 3500 14
769 3446 837 3515 dp.
852 3446 941 3515 plopu
941 3463 972 3499 oa
991 3447 1055 3500 666.

133 3517 171 3573 19
193 3519 395 3575 instituta·P.
487 3516 919 3589 resupinacaelum
941 3517 974 3572 di
991 3523 1055 3571 6666
1073 3533 1145 3569 unua

132 3591 196 3645 666.
212 3593 240 3646 Ρ
255 3609 343 3660 supra
361 3593 409 3645 lia
484 3588 521 3644 24
543 3590 639 3662 diligis
659 3593 692 3655 P,
711 3607 759 3643 em
774 3590 823 3643 Fi.

1332 3879 1334 4004 l
