2698 4068
210 205 274 260 XIV
607 205 815 261 PRAEFATIO

209 378 337 448 metus,
354 373 494 443 Christus,
518 375 607 434 Jescs
629 377 660 433 et
682 371 745 444 nii,
769 371 820 434 cii
842 393 897 451 pro
919 377 1020 443 nosti,
1044 377 1131 434 emes
1153 379 1221 449 cet.;

210 456 286 521 orites
317 463 366 522 vel
398 459 466 522 does
497 481 551 539 pro
583 481 681 523 mauce
712 468 767 524 oet.
801 496 843 506 —
877 463 1002 540 Singula
1043 463 1134 522 verba
1165 467 1222 524 rite

210 551 393 625 dividuntur,
421 551 480 611 nisi
512 552 591 628 quod
618 553 853 629 praepositiones
884 553 1059 628 plerumque
1089 572 1156 612 cum
1179 573 1221 613 se-

210 641 314 716 quenti
337 641 471 716 qualibet
493 659 564 700 voce
588 643 766 718 copulantur
789 642 986 716 similiterque
1009 642 1174 718 particulae
1198 647 1233 707 et.

210 732 240 788 et
263 747 298 788 ac
312 721 434 809 (atque).
463 730 690 790 Substantivum
708 731 923 791 animadversio
947 749 1062 807 semper
1080 733 1221 807 scriptum

209 820 254 878 est
277 820 358 878 outa
381 818 522 878 adamato.

156 913 198 974 §3
299 907 357 966 Sed
379 907 452 967 haec
479 912 514 967 ut
540 909 589 967 vix
616 912 782 968 memoratu
810 909 901 988 digna
928 908 1058 968 breviter
1085 909 1222 987 attigisse

209 996 348 1056 sufficiat.
394 995 574 1056 Accuratius
598 997 634 1056 de
657 997 896 1057 distinctione
919 989 982 1078 (vel
1009 1000 1045 1056 ut
1068 1016 1120 1057 nos
1144 1016 1222 1056 nunc

209 1083 307 1144 dicere
331 1087 536 1146 consuevimus
568 1085 604 1145 de
636 1079 889 1168 interpunctione)
923 1080 1031 1145 codicis
1064 1087 1221 1163 agendum.
1341 1103 1342 1132 r

209 1172 244 1231 In
268 1193 334 1232 eam
358 1175 489 1233 animum
514 1174 665 1234 attendere
683 1178 735 1234 vix
759 1193 958 1252 coeperamus,
977 1194 1045 1234 cum
1064 1175 1102 1234 ad
1126 1178 1220 1234 certas
1298 1203 1301 1208 Δ
1335 1226 1338 1232 ,

210 1261 290 1339 leges
314 1282 380 1322 eam
403 1281 466 1323 esse
492 1265 664 1324 institutam
690 1267 901 1341 perspeximus.
953 1263 1048 1339 Quae,
1075 1283 1112 1322 ne
1138 1263 1222 1342 longi
1252 1293 1253 1296 ¹
1341 1245 1342 1278 ¹

209 1353 310 1427 simus,
333 1353 422 1428 plane
436 1371 503 1412 cum
525 1354 562 1412 iis
578 1355 775 1428 consentiunt,
799 1355 837 1414 ad
860 1373 934 1430 ques
949 1353 1081 1412 Terentii
1104 1353 1220 1412 fabulas

208 1441 354 1516 quasdam
385 1443 416 1498 in
450 1440 550 1501 codice
581 1442 725 1502 Bembino
764 1463 781 1502 a
813 1443 931 1502 Joviale
964 1446 1127 1502 correctore
1158 1461 1221 1502 esse

208 1529 365 1590 distinctas
389 1530 566 1590 Robertus
585 1532 702 1592 Kauer
725 1533 826 1591 docuit
846 1534 879 1589 in
902 1532 1056 1608 praeclara
1075 1551 1220 1591 commen-

207 1619 322 1678 tatione
346 1638 424 1695 quae
447 1619 620 1679 inscribitur
650 1616 705 1679 ‘Zu
728 1616 848 1681 Terenz’
874 1622 905 1678 in
929 1615 1062 1679 ‘Wiener
1085 1615 1220 1679 Studien’

207 1706 293 1765 XXII
313 1709 353 1766 56
374 1727 437 1784 sqq.
460 1709 575 1768 Ibidem
594 1729 621 1785 p.
638 1710 677 1768 86
698 1710 828 1769 ostendit
847 1728 896 1768 eas
915 1708 1118 1786 distinguendi
1140 1709 1219 1787 leges

109 1819 114 1829 ⁴
208 1795 325 1854 easdem
344 1815 406 1856 esse
425 1816 501 1872 quae
521 1797 616 1856 adbuc
629 1797 661 1855 in
676 1799 812 1857 omnibus
829 1798 868 1856 iis
886 1815 961 1873 quas
979 1815 1032 1856 nos
1047 1791 1218 1874 <Romanos'

208 1884 333 1944 dicimus
350 1886 460 1962 linguis
483 1886 515 1942 in
537 1904 594 1943 usu
616 1890 693 1944 sunt.
732 1885 829 1954 Quam
847 1885 1052 1964 distinguendi
1073 1886 1219 1944 rationem

207 1973 370 2032 rectissime
389 1969 652 2052 ‘psychologicam'
671 1976 844 2051 appellavit,
863 1994 929 2034 cum
947 1977 1049 2034 nostra
1071 1975 1090 2032 i.
1106 1994 1129 2034 e.
1149 1972 1219 2033 Ger-

206 2080 362 2120 manorum
400 2065 479 2122 ratio
518 2064 721 2141 distinguendi
758 2065 872 2141 logicae
912 2065 985 2123 artis
1017 2064 1097 2141 leges
1130 2083 1219 2139 quam

207 2154 307 2228 potest
329 2151 557 2229 diligentissime
580 2152 664 2228 sequi
688 2153 813 2213 studeat.
859 2153 895 2211 Id
918 2155 998 2212 enim
1020 2171 1074 2212 nos
1098 2171 1219 2228 operam

206 2240 320 2315 damus,
343 2244 379 2299 ut
401 2242 494 2319 signis
518 2242 661 2318 appositis
680 2243 876 2319 grammatica
898 2243 917 2300 i.
937 2261 975 2317 a,
998 2243 1024 2301 si
1047 2243 1218 2301 summatim

207 2329 303 2388 dicere
330 2330 402 2388 licet
429 2330 572 2407 neglectis
599 2332 726 2409 singulis
758 2331 947 2408 quibusdam,
979 2331 1077 2409 logica
1103 2330 1219 2406 periodi
1334 2337 1342 2348 '¹

207 2421 359 2478 structura
396 2438 486 2494 quam
523 2420 736 2479 dilucidissime
766 2421 943 2481 illustretur.
993 2419 1120 2478 Romani
1148 2438 1218 2478 vero

207 2527 367 2584 eorumque
386 2507 482 2568 adhuc
499 2511 665 2586 progenies,
678 2509 856 2586 ubicumque
869 2511 902 2568 in
915 2508 1075 2568 recitandis
1089 2508 1218 2584 periodis

205 2599 402 2657 interstitium
424 2598 590 2674 intercedit,
613 2598 655 2657 ibi
674 2599 869 2676 distinguunt.
877 2591 903 2681 1>
940 2597 1026 2668 Quod
1043 2598 1219 2674 priusquam

206 2687 347 2761 exemplis
362 2705 397 2746 ex
410 2687 538 2746 Firmico
553 2689 680 2764 sumptis
695 2689 916 2764 comprobetur,
933 2688 1061 2747 alterum
1075 2687 1218 2764 quiddam

205 2775 384 2834 monendum
399 2780 451 2834 est.
480 2775 552 2834 (lum
572 2778 650 2835 enim
663 2777 825 2836 rhetoricas
840 2796 902 2836 esse
921 2776 1124 2854 distinguendi
1137 2777 1217 2852 leges

208 2864 394 2939 exploratum
413 2865 461 2939 sit,
479 2865 540 2924 iam
554 2869 639 2941 patet
652 2867 925 2926 coniunctissimam
944 2884 1006 2926 esse
1020 2884 1088 2923 oum
1102 2866 1217 2923 ratione

201 2952 409 3029 ‚distinguendi
437 2955 527 3012 etiam
556 2955 755 3014 clausularum
783 2955 1032 3030 disponendarum
1061 2955 1216 3011 rationem.

295 3106 321 3173 1)
341 3102 380 3158 of.
397 3121 468 3174 quae
487 3104 622 3160 Norden
639 3106 670 3160 in
685 3106 836 3161 comment.
852 3106 889 3160 ad
903 3106 985 3176 Verg.
1000 3105 1068 3158 Aen.
1079 3103 1117 3156 VI
1131 3103 1216 3173 (Lips.

207 3177 285 3245 1903)
300 3175 421 3245 append.
434 3175 491 3229 114
511 3177 747 3246 ‘interpunktion'
764 3182 800 3247 (p.
815 3179 966 3246 stt-381)
981 3176 1017 3230 de
1036 3175 1216 3229 distinctione

206 3246 334 3300 codicum
348 3247 524 3314 quorundam
533 3248 652 3319 Vergilii
667 3250 830 3318 explicavit3
846 3249 953 3302 ibidem
966 3266 994 3316 p.
1005 3253 1057 3300 464
1071 3248 1106 3300 de
1121 3247 1216 3300 codice

205 3317 337 3372 Leidensi
356 3324 389 3371 28
409 3335 430 3371 s.
444 3318 482 3371 IX
501 3320 618 3384 monuit,
641 3321 671 3374 in
695 3338 750 3388 quo
770 3319 879 3374 Horatii
902 3319 1028 3373 carmina
1046 3319 1160 3372 eosdem
1179 3319 1215 3370 ad

205 3388 281 3457 loges
306 3388 440 3443 distincta
458 3392 525 3444 sunt
543 3390 734 3444 subscribente
753 3391 898 3458 Mavortio‚
916 3409 941 3444 v.
957 3390 988 3444 Ο.
1008 3389 1138 3444 Kelleri
1158 3389 1216 3442 edi-

205 3459 290 3514 tionis
308 3461 361 3514 vol.
376 3459 403 3514 1²
420 3479 447 3529 p.
462 3461 540 3515 XXV
553 3462 638 3531 (Lips.
655 3467 747 3530 1899);
766 3461 901 3516 nonnulla
919 3461 1005 3516 etiam
1024 3460 1061 3513 ad
1076 3460 1216 3515 distincti·
1309 3499 1312 3503 -

206 3547 286 3585 onem
313 3532 484 3600 pertinentia
511 3533 690 3587 inveniuntur
721 3534 750 3587 in
777 3533 901 3586 Nordeni
928 3533 1001 3587 libro
1027 3533 1091 3586 ‘Die
1119 3530 1216 3586 antike

206 3602 391 3671 Kunstproso'
412 3601 496 3672 (Lips.
513 3609 591 3673 1898,
609 3622 636 3673 p.
653 3610 703 3657 952
723 3609 752 3658 et
772 3605 840 3658 alibi
858 3623 881 3658 v.
897 3604 974 3675 ind).
