2684 4062
218 214 261 278 60
565 212 700 267 maurol
717 211 886 266 Marsum

219 383 336 443 extollis
351 383 499 468 sacrilega
511 379 688 458 persuasio?
712 381 789 451 Quid
803 383 928 440 miseros
942 382 1077 441 homines
1091 383 1237 442 effrenata

218 473 387 532 temeritate
415 467 631 530 circumvenis?
668 470 861 548 Unguentum
894 469 1006 530 Christi
1034 471 1110 530 caeli
1141 472 1236 530 donat

218 562 391 638 imperium,
413 564 600 638 unguentum
618 554 745 637 <tuum>
768 560 920 636 gehennae
942 562 1067 619 suscitat
1089 560 1235 620 flammas.

178 720 179 724 ἵ
307 649 413 708 XXIV.
439 649 497 708 Sed
521 649 601 725 quod
622 650 731 724 inpuro
753 668 802 707 ore
826 649 962 708 sacerdos
984 649 1041 708 iste
1065 652 1095 708 et
1117 651 1237 726 polluta

219 739 376 800 verborum
404 739 657 798 contaminatione
685 739 840 812 conponit,
868 737 943 796 libet
969 737 1107 816 diligenti
1134 739 1236 814 inqui·
1266 760 1282 798 5

219 831 326 888 sitione
350 828 503 886 discutere.
541 826 681 886 Liberato
701 826 755 886 deo
774 845 827 885 suo
846 826 957 886 bonum
977 829 1110 886 animum
1132 847 1236 906 gerere
1330 891 1331 902 ,

148 930 206 980 (11⁴)
221 917 329 991 socios,
356 917 498 975 fiduciam
524 915 619 975 bonae
651 916 715 992 spei
742 915 851 976 habere
878 917 1045 990 persuadet.
1092 915 1116 975 0
1145 936 1238 992 quam

219 1008 335 1065 miseris
360 1025 450 1082 quam
472 1005 616 1064 luctuosis
639 1024 670 1063 se
693 1005 809 1081 laqueis
832 1004 961 1065 involvit
985 1005 1097 1065 caduca
1120 1006 1237 1065 callidi-

219 1096 281 1156 tas!
324 1094 396 1164 Quis
427 1095 515 1154 deum
546 1097 632 1153 tuum
655 1092 783 1152 liberat?
825 1092 880 1152 (lui
903 1094 958 1152 hoc
979 1096 1133 1170 praestitit
1156 1095 1237 1170 quod

219 1183 358 1244 laborat?
389 1184 493 1243 Disce·
509 1183 588 1242 disce
617 1183 696 1258 quod
723 1183 828 1257 nescis,
851 1183 930 1242 disce
955 1184 1034 1258 quod
1056 1203 1116 1243 non
1139 1183 1237 1244 vides:
1253 1203 1283 1242 ro

186 1274 357 1334 adhristus
384 1273 464 1332 filius
493 1273 542 1331 dei
567 1275 602 1331 ut
628 1272 793 1332 humanum
821 1291 913 1348 genus
941 1291 959 1330 a
986 1275 1091 1332 mortis
1121 1273 1238 1349 laqueis

221 1363 371 1437 liberaret,
393 1381 462 1422 vere
486 1363 586 1421 omnia
608 1361 668 1422 ista
691 1361 841 1435 sustinuit,
869 1365 904 1420 ut
931 1362 1116 1437 captivitatis
1144 1362 1237 1420 durae

160 1479 161 1484 ¹
221 1455 325 1530 iugum
353 1453 481 1524 tolleret,
509 1453 544 1508 ut
571 1451 722 1509 hominem
748 1453 830 1525 patri
856 1450 1006 1525 redderet,
1034 1453 1069 1510 ut
1095 1452 1238 1529 mitigata

222 1542 334 1601 offensa
363 1541 513 1601 hominem
543 1558 609 1598 cum
642 1539 695 1599 deo
726 1558 869 1615 prospera
898 1540 1107 1600 conciliatione
1131 1557 1239 1616 conpo-

221 1634 315 1704 neret,
343 1633 377 1688 ut
404 1631 568 1705 promissae
595 1631 818 1689 resurrectionis
846 1629 977 1688 fructum
1004 1631 1125 1705 proprio
1155 1647 1283 1688 mon-15

221 1721 331 1779 strarat
358 1719 501 1794 exemplo.
547 1718 632 1776 Fecit
658 1717 738 1776 filius
766 1717 814 1775 dei
841 1718 921 1794 quod
949 1721 1019 1778 ante
1050 1712 1238 1795 promiserat,

222 1808 313 1867 clusit
340 1808 445 1866 ianuas
474 1807 552 1867 sedis
579 1807 722 1882 infernae,
751 1810 781 1865 et
808 1807 901 1865 durae
928 1807 1003 1884 legis
1030 1809 1240 1867 necessitatem
1330 1873 1331 1880 ,

224 1897 341 1956 calcata
371 1900 466 1955 morte
498 1899 671 1972 prostravit.
717 1896 775 1954 Per
805 1895 940 1954 triduum
967 1896 1114 1956 recensita
1142 1897 1178 1956 ab
1203 1916 1238 1955 eo

221 1988 369 2046 iustorum
392 1987 480 2044 turba
503 1986 628 2045 collecta
652 1987 704 2059 est,
732 2005 769 2044 ne
792 1985 905 2043 diutius
933 1989 1037 2044 contra
1061 2005 1109 2045 eos
1133 1986 1238 2045 moitis

222 2074 427 2134 dominaretur
458 2074 634 2150 inprobitas
666 2093 702 2133 ne
733 2075 882 2133 iustorum
912 2076 1053 2134 meritum
1085 2094 1120 2133 en
1146 2076 1238 2152 longa
1254 2093 1285 2133 ao

223 2164 429 2241 desperatione
454 2164 629 2223 concideret.
670 2163 774 2240 Fregit
797 2163 928 2222 claustra
950 2165 1105 2239 perpetua,
1128 2167 1158 2223 et
1180 2165 1239 2223 fer·

223 2272 291 2312 reae
323 2254 402 2312 fores
437 2251 553 2312 christo
586 2252 706 2311 iubente
739 2253 897 2328 conlapsae
927 2256 1006 2312 sunt.
1053 2252 1128 2313 Ecce
1157 2256 1240 2312 terra

224 2343 411 2418 contremuit,
431 2346 461 2401 et
480 2343 741 2401 fundamentorum
760 2360 880 2401 suorum
899 2341 1066 2401 stabilitate
1085 2357 1239 2402 concussa·

225 2434 390 2508 praesentis
415 2427 524 2490 Christi
549 2450 657 2490 numen
681 2433 811 2508 agnovit.
834 2425 837 2509 l
858 2430 937 2489 Ante
956 2431 1146 2505 praefinitum
1164 2434 1238 2489 tem-

223 2539 280 2598 pus
312 2520 493 2597 praecipitat
525 2521 604 2579 diem
636 2520 740 2578 mundi
766 2523 866 2580 rotata
894 2519 1019 2596 vertigo,
1048 2523 1079 2579 ot
1107 2520 1151 2579 sol
1178 2539 1239 2579 non
1254 2537 1284 2578 as

224 2723 263 2780 24
282 2653 351 2782 de
367 2656 456 2781 1132οᾶ
472 2655 594 2708 Viaco.-
613 2653 721 2708 torrida
739 2653 823 2708 tellus
843 2654 999 2708 contremit.
1033 2655 1068 2721 cs.
1084 2656 1122 2710 ad
1141 2657 1237 2721 76,14.

314 2850 332 2905 3
350 2853 430 2904 tuum
450 2851 514 2904 add.
530 2850 588 2915 Bu,
606 2853 729 2904 vectum
748 2851 799 2904 Fl.
889 2849 908 2903 6
927 2866 1040 2919 gerere·
1056 2851 1145 2904 socios
1170 2850 1241 2904 fidu·

225 2922 270 2976 eia
289 2924 321 2976 P.
412 2923 458 2974 dd.
472 2939 503 2990 p.
523 2927 539 2970 tt
568 2919 672 2974 liberat
699 2928 724 2975 et
752 2920 790 2974 10
818 2921 908 2975 nescis
937 2930 961 2976 et
990 2920 1027 2974 12
1054 2921 1190 2975 sustinuit
1214 2929 1240 2976 et

225 2993 262 3048 la
280 2992 394 3047 tolleret
413 2993 477 3047 add.
545 2991 580 3045 13
599 2992 731 3062 mitigati
750 2992 857 3046 offensa
877 2995 908 3047 P.
974 2992 1009 3046 17
1030 2992 1056 3046 d.
1067 3011 1098 3061 p.
1113 2992 1241 3047 infernae

225 3064 290 3119 add.
364 3064 402 3118 18
420 3080 516 3117 recens
536 3064 577 3117 ita
593 3067 625 3131 P,
644 3083 691 3118 eru.
708 3065 770 3118 Mu.
845 3063 1055 3120 adornaretur
1074 3066 1106 3131 P,
1125 3083 1173 3118 em.
1189 3065 1240 3120 Fl.

224 3136 261 3190 22
281 3137 397 3190 iuuente
416 3138 449 3201 P,
463 3153 511 3190 em.
527 3137 577 3190 Fl.
633 3135 671 3190 23
690 3136 735 3190 dd.
747 3154 778 3204 p.
793 3136 962 3189 contremuit
978 3143 1003 3190 et
1022 3151 1156 3191 concussa
1175 3136 1240 3190 cdd.

225 3206 262 3262 24
282 3224 383 3262 nomen
403 3209 436 3272 P,
450 3223 499 3261 cm.
514 3208 564 3262 Fl.
620 3207 738 3276 agnouit
756 3208 829 3260 Ante
849 3209 880 3261 P.

315 3329 331 3385 4
351 3333 386 3399 cf.
403 3337 445 3399 11,
453 3336 477 3386 9.
583 3332 601 3385 5
622 3331 713 3386 Motla
728 3334 839 3397 25o,19
859 3330 991 3400 diligenti
1012 3373 1036 3386 ..
1055 3328 1241 3398 inquisitione

225 3402 365 3474 colligere.
394 3407 489 3470 258,8
508 3402 639 3472 diligenti
658 3401 768 3455 ratione
788 3401 935 3456 discutere.
1000 3401 1038 3456 22
1056 3403 1161 3458 Arctet.
1172 3403 1193 3455 I
1205 3405 1242 3456 53

224 3475 309 3530 tellus
327 3477 405 3528 mota
425 3475 599 3528 contremuit.
654 3473 691 3527 25
712 3473 809 3526 mundi
827 3474 920 3527 rotata
934 3473 1042 3544 vertigo
1056 3481 1146 3528 exstat
1159 3475 1243 3528 etiam

225 3547 317 3600 Maru.
333 3551 358 3615 3,
368 3551 395 3602 2.
415 3551 440 3612 9,
454 3551 499 3601 23.
518 3547 553 3613 cf.
566 3546 617 3600 Mo
630 3550 667 3600 25
682 3551 707 3599 et
720 3548 772 3611 49‚·
786 3545 857 3599 addc
871 3547 975 3600 Aruot.
986 3547 1008 3600 I
1016 3550 1036 3600 2
1048 3545 1157 3614 vertigo
1172 3544 1243 3598 haec

224 3617 322 3671 mundi
395 3617 545 3687 praecipiti
565 3615 658 3686 coepit
676 3615 855 3670 volubilitate
874 3617 989 3686 raptari.
