2698 4068
608 198 659 259 Η
1075 193 1140 247 XIII

214 365 243 423 3.
266 383 301 442 π,
325 363 510 440 signavimus
528 381 652 421 manum
675 362 857 437 correctoris,
880 362 932 436 qui
955 365 1024 438 post
1038 381 1137 422 exous·
1157 382 1189 434 π,

125 472 191 512 sum
220 452 361 511 aFlaoio
386 453 517 511 codicem
540 451 605 509 folii
626 452 658 509 5r
678 452 857 527 scripturam
883 454 1027 525 veterem,
1060 471 1138 528 quae

124 544 254 600 maxima
273 544 411 616 exparte
431 544 602 614 evanuerat,
625 541 670 598 itu
688 540 852 613 renovavit,
871 542 913 615 ut,
938 559 1014 616 quea
1033 540 1137 600 distin-

124 649 214 709 guere
260 631 374 706 posset,
411 648 502 704 quam
542 629 764 689 accuratissime
804 629 938 688 reficeret
974 630 1137 690 sententiae

123 720 246 778 minime
273 718 389 778 ratione
416 718 534 791 habita,
564 737 623 793 quo
650 720 764 776 factum
791 722 849 792 est,
881 722 917 777 ut
944 718 1138 779 stultissimae

124 808 167 867 ibi
193 809 325 884 ineptiae
353 808 504 884 legentum
541 828 568 866 v.
598 807 789 865 Skutschium
815 808 835 865 l.
860 825 882 865 o.
912 810 942 866 et
975 827 1052 883 quae
1084 826 1138 868 nos

124 898 143 956 l.
163 916 186 956 o.
206 917 234 972 p.
251 898 426 956 are-284
451 899 481 956 et
504 897 568 955 423
593 915 636 971 sq.
660 897 857 972 exposuimus.

213 986 258 1044 De
282 987 520 1063 orthographicis
543 1003 639 1062 pauca
658 985 790 1060 dicenda,
814 987 955 1060 quoniam
980 987 1138 1045 accuratis·

125 1077 198 1134 sime
230 1077 333 1134 nostra
365 1074 456 1133 editio
489 1074 569 1133 unici
610 1074 719 1134 codicis
754 1074 896 1134 lectiones
932 1074 1038 1135 reddit.
1094 1076 1139 1132 Ex

125 1163 238 1223 Halmii
261 1166 345 1223 textu
368 1166 494 1240 apparet
512 1163 632 1240 quidem
654 1164 829 1239 plerumque
848 1163 1009 1223 aFirmioo
1027 1165 1138 1223 formas

124 1273 184 1314 uon
213 1252 393 1312 assimilatas
421 1253 547 1329 scriptas
576 1270 647 1326 esse,
675 1252 756 1328 quod
788 1252 878 1312 etiam
910 1253 943 1310 in
970 1253 1138 1312 Matheseos

126 1341 210 1401 libris
223 1343 337 1401 fastum
352 1360 415 1400 esse
428 1341 537 1401 Krollii
555 1344 586 1399 et
600 1341 752 1400 Skutschii
765 1341 852 1400 docet
866 1340 967 1416 editio,
992 1341 1027 1400 of.
1047 1342 1139 1401 etiam

125 1432 217 1507 praef.
237 1451 265 1507 p.
280 1430 347 1490 VII.
387 1430 444 1490 Sed
462 1431 623 1508 neglegens
636 1429 775 1489 Halmius
794 1430 840 1490 hia
860 1448 979 1506 quoque
996 1431 1028 1488 in
1050 1430 1138 1490 rebus

124 1520 193 1595 fuit,
223 1520 300 1579 unde
323 1520 490 1595 compluria
518 1518 581 1578 eius
608 1518 724 1598 generis
753 1537 770 1576 a
797 1519 882 1578 nobis
906 1522 1038 1579 correcta
1061 1522 1137 1578 sunt.

124 1608 160 1666 Id
183 1628 301 1685 quoque
325 1609 450 1686 egimus,
479 1610 514 1666 ut
536 1607 562 1666 si
585 1608 657 1683 quid
685 1609 717 1665 in
744 1607 843 1667 codice
871 1627 940 1667 eum
964 1608 1138 1685 compendio

125 1699 270 1774 scriptum
293 1701 379 1772 esset,
406 1716 472 1756 eam
496 1698 624 1756 formam
646 1696 859 1772 suppleremus,
888 1716 964 1772 quae
992 1697 1138 1757 similibus

120 1788 228 1852 ¹formis
269 1786 343 1845 alibi
383 1785 446 1845 sine
487 1785 669 1863 compendiis
708 1785 836 1844 exaratis
874 1787 1138 1847 commendaretur.
1234 1815 1237 1824 ·

127 1875 250 1952 Semper
276 1875 372 1952 igitur
398 1877 569 1951 scripsimus
597 1891 755 1948 conponere
781 1894 835 1950 pro
863 1871 1001 1948 adponere
1031 1876 1139 1934 codicis

126 1965 257 2040 itemque
276 1981 412 2039 conpage,
436 1981 570 2037 conpare,
590 1963 716 2038 coopello
735 1966 788 2023 eet.
812 1983 865 2040 pro
885 1961 1001 2039 odpopo,
1025 1965 1138 2038 cepa-o,

126 2050 232 2128 sepelio
255 2056 324 2127 cet,
354 2056 426 2129 quia
449 2054 562 2112 formae
584 2053 661 2112 tales
689 2053 786 2128 qualis
813 2071 942 2128 ooupopo
969 2054 1081 2130 passim
1108 2055 1139 2111 in

126 2144 227 2204 codice
245 2144 395 2221 legrmtur,
417 2144 531 2202 formae
550 2142 625 2201 tales
645 2141 742 2216 qualis
766 2160 903 2216 compago
925 2162 1080 2220 nusquam.
1095 2173 1140 2184 —-

126 2231 309 2308 Compendia
336 2231 411 2292 scito
434 2233 494 2291 nisi
521 2232 575 2291 illa
604 2231 717 2290 usitata
743 2249 803 2289 non
830 2232 967 2291 inveniri.
1018 2231 1140 2307 Semper

47 2375 49 2379 ,
125 2324 187 2381 l'ere
209 2340 239 2378 m
260 2321 365 2380 finiens
388 2340 441 2396 per
463 2319 670 2396 compendium
692 2319 832 2379 scribitur
850 2321 929 2380 huno
951 2321 984 2380 in
1006 2322 1139 2380 modum:

125 2407 155 2488 ri,
174 2410 226 2469 sed
244 2412 346 2486 paucis
365 2409 438 2468 locis
457 2412 548 2469 etiam
568 2410 624 2469 sie:
641 2399 673 2468 ci.
686 2439 731 2450 -
745 2427 842 2468 -orum
859 2410 965 2469 finiens
983 2409 1071 2469 modo
1085 2407 1140 2468 orie

127 2497 265 2557 scribitur
287 2498 375 2558 modo
398 2511 456 2562 on.
475 2531 520 2540 -
543 2516 591 2558 -us
613 2498 717 2557 finiens
744 2498 919 2575 plerumque
947 2497 1141 2558 abbreviatur

127 2588 160 2645 in
178 2586 288 2645 dativis
311 2585 435 2661 pluralis
458 2587 513 2646 III.
536 2587 744 2647 declinationis
763 2580 800 2669 (e.
820 2607 848 2664 g.
867 2580 980 2668 finib),
1009 2607 1077 2647 raro
1108 2589 1141 2646 in

127 2674 239 2733 talibus
257 2674 380 2734 vocibus
399 2675 496 2751 qualis
515 2678 589 2750 eius,
612 2677 665 2753 qd,
694 2667 734 2751 ῥά
761 2678 791 2735 et
812 2673 924 2736 similia
946 2696 1006 2737 non
1025 2677 1140 2752 crebr03

128 2759 404 2839 semelriproooo
424 2755 522 2844 (1114
541 2782 601 2824 ooo
617 2768 650 2824 tu
672 2759 835 2847 herorum),
868 2766 959 2826 semel
976 2771 1031 2826 aut
1051 2766 1140 2832 finale

128 2853 350 2912 abbreviatum:
373 2871 396 2912 e.
416 2851 472 2910 XV
492 2855 510 2912 3
534 2850 804 2932 fammet3p,1r,13
828 2855 946 2932 saepius
965 2875 1055 2933 quam
1073 2873 1140 2931 pro,

123 2961 187 3016 per,
205 2959 299 3016 prom
321 2959 351 3016 qs
380 2961 495 3019 semper
512 2942 574 3003 fere
591 2963 645 3019 pro
664 2963 735 3018 qua·
766 2961 781 3016 e
799 2963 914 3022 semper
935 2945 997 3004 fere
1020 2963 1074 3021 pro
1097 2961 1140 3020 ae,

127 3033 179 3092 sed
202 3031 361 3109 aliquoties
384 3049 422 3106 oe3
455 3032 491 3091 do
519 3034 625 3093 vocula
653 3037 728 3093 etv.
751 3035 843 3110 infra,
875 3034 1002 3111 denique
1026 3052 1142 3108 semper

127 3292 207 3347 hibet
225 3293 258 3359 P,
277 3293 368 3348 Iovem
387 3293 430 3346 ed.
445 3311 497 3362 pr,
514 3309 586 3376 ruga
604 3292 783 3346 membranae
798 3291 914 3347 inferior
926 3292 1069 3362 litteraep
1088 3291 1141 3344 cir·

128 3365 207 3420 culus
225 3364 267 3417 ita
286 3363 437 3434 obtegitur,
455 3367 488 3418 ut
506 3364 562 3419 nisi
581 3363 746 3436 diligentius
759 3363 923 3432 inspexeris,
943 3365 1032 3418 tenen
1044 3363 1140 3445 potius

126 3435 205 3506 legas
229 3452 314 3506 quam
336 3437 433 3507 iguem
466 3435 565 3490 Vme
589 3436 649 3490 cod.
668 3435 711 3489 ita
732 3435 831 3489 habet:
859 3435 1015 3490 ooNomiue
1036 3433 1140 3488 litteris

127 3507 227 3562 ccvix
246 3506 361 3562 deletis:
384 3508 416 3560 io
433 3509 542 3562 nomiae
560 3508 603 3561 ed.
618 3513 673 3577 pr!
693 3539 726 3546 —
747 3504 870 3572 Quorum
889 3504 994 3560 similia
1012 3505 1141 3575 exempla

126 3578 218 3632 multa
234 3577 318 3632 facile
338 3576 470 3648 colligere
488 3578 588 3648 possin.
