2698 4068
587 229 637 288 §6

106 393 191 450 terris
208 394 382 465 pestiferam
404 392 456 450 boe
478 391 590 451 nobem
612 392 748 465 fnednlns
771 349 942 464 amputetur.
981 391 1059 460 Quid
1076 394 1121 450 in·

105 479 199 542 veniri
222 480 319 556 possit
342 478 462 555 aptius?

193 569 229 628 In
254 568 422 628 disserendo
445 567 544 645 lapide
568 573 671 629 sancto
694 561 763 650 (XX
783 561 817 649 6)
836 570 909 629 haec
931 571 1072 648 leguntur
1089 574 1122 629 in

104 659 239 734 principe
258 659 421 734 ceterisque
440 655 632 717 editionibus:
653 657 764 731 (Lapis
777 663 874 717 auten
887 659 932 718 bic
950 664 1120 720 sannas...
1231 661 1233 666 ’

104 750 138 807 tn
161 749 268 822 capulo
287 749 402 823 positas
425 749 550 806 duorum
567 749 719 820 portetrnn
736 748 865 806 membru
883 753 1009 822 oepnoto
1026 751 1121 808 moele-

105 834 231 910 rotlone)
251 839 407 911 eontnnpe't,
426 836 478 896 sed
497 836 529 894 in
548 835 647 895 codiee
666 836 743 895 nihil
766 837 840 895 certi
862 838 923 914 legi
945 840 1045 914 potest
1062 841 1122 899 nisi

72 943 74 946 ’
106 943 158 984 eon
212 925 298 984 Unde
321 943 375 985 nos
399 925 471 984 olim
491 943 526 982 ex
548 925 651 983 multis
675 928 705 984 et
728 926 859 984 eiusdem
886 926 982 985 libelli
1006 930 1036 987 et
1057 929 1120 987 Ma-

104 1015 221 1074 thessos
244 1015 317 1073 locis
347 1015 436 1091 plane
467 1013 719 1074 consentientibus
750 1014 959 1089 supplebamus
988 1019 1123 1089 conponit

105 1096 139 1181 (1.
160 1122 183 1163 c.
206 1123 235 1179 p.
257 1095 343 1184 292).
390 1096 437 1162 Ac
460 1123 497 1162 ne
519 1121 598 1162 nunc
631 1103 750 1178 quidem
783 1104 870 1178 plura
901 1105 999 1183 legere
1026 1105 1121 1180 licuit,

106 1193 248 1269 quoniam
263 1194 412 1270 scriptura
426 1211 547 1268 prorsus
567 1191 707 1266 exalbuit,
726 1193 776 1251 sed
796 1195 929 1268 spatium
944 1194 1062 1272 longius
1077 1199 1122 1254 est

105 1300 196 1357 quam
215 1281 296 1357 quod
313 1300 386 1340 voce
404 1283 541 1355 conponit
558 1281 723 1358 expleatur,
741 1281 832 1340 immo
851 1285 965 1342 utiam
983 1283 1121 1344 Halmius

105 1370 253 1446 monebat,
280 1372 409 1440 12-15
433 1371 554 1429 litterae
572 1369 711 1430 videntur
734 1372 862 1447 scriptae
886 1372 984 1432 fuisse.
1023 1371 1121 1442 Quare

105 1459 204 1535 aptius
223 1459 308 1519 nobis
329 1459 516 1534 aliquamdiu
539 1461 637 1519 visum
656 1462 702 1518 est
720 1460 843 1518 verbum
862 1463 1047 1533 conplectitur
1052 1481 1064 1533 ;
1086 1480 1121 1521 ac

105 1567 174 1608 sane
193 1551 254 1607 iam
272 1548 388 1624 pridem
406 1551 437 1605 in
452 1548 514 1606 tine
532 1549 629 1607 lineae
649 1549 785 1624 quamvis
804 1550 948 1608 incertam
967 1551 1086 1609 litterae
1104 1568 1121 1607 r

104 1637 240 1696 umbram
264 1637 502 1714 dispiciebamus.
541 1637 584 1696 Gi.
599 1637 655 1694 XV
674 1639 693 1696 4
712 1639 904 1711 populatione
926 1640 1120 1711 conplectitur.

104 1727 199 1786 Math.
224 1729 274 1801 34,
295 1729 350 1785 24:
374 1727 598 1799 circumfusione
620 1726 822 1800 complectitur.
859 1726 902 1786 At
920 1727 1024 1786 scribit
1041 1747 1121 1787 nunc

104 1806 356 1897 Huelsenus¹)=
375 1809 571 1890 ‘conplentur
593 1817 634 1875 ist
652 1815 833 1893 unmbglich.
867 1817 912 1874 Zu
934 1817 1015 1876 lesen
1039 1819 1121 1876 einr

105 1905 149 1964 als
171 1903 401 1964 Endbuchstabe
420 1906 499 1964 eines
520 1904 675 1980 Verbums,
699 1905 751 1964 das
775 1904 846 1963 aber
869 1906 952 1965 nicht
973 1906 1058 1964 mehr
1076 1907 1121 1966 als

105 1993 186 2054 seehs
218 1993 406 2052 Bucbstaben
440 1993 550 2072 gehabt
581 1995 677 2052 haben
710 1994 815 2052 diuite.
871 1994 933 2053 Der
964 1995 1037 2054 Rest
1069 1995 1122 2054 der
1146 2013 1149 2022 ¹

105 2082 193 2158 Zoilo,
225 2083 310 2141 Platz
341 2084 391 2141 fiir
424 2085 508 2142 6-7
534 2083 732 2159 Bucbstaben⁷
766 2083 880 2142 scheint
911 2085 969 2141 mir
1000 2087 1049 2142 nie
1073 2084 1121 2142 be·

105 2170 258 2231 schrieben
281 2191 415 2249 gewesen
439 2193 474 2230 zu
498 2167 581 2233 sein'.
606 2172 692 2231 Unde
714 2174 746 2230 in
769 2191 800 2230 re
824 2172 915 2231 dubia
933 2191 1036 2232 vocem
1055 2191 1120 2232 ecn-

101 2263 185 2332 pean
201 2262 387 2340 tamlmultis
405 2261 478 2320 locis
498 2260 644 2320 similibus
659 2261 895 2320 commendatam
914 2263 1120 2337 praetulimus

192 2347 315 2410 Duobus
345 2350 479 2410 versibus
509 2354 578 2426 post
604 2350 669 2408 loeo
694 2350 790 2408 adhuc
814 2349 1022 2409 obscurissimo
1046 2351 1120 2409 Bur-

105 2441 206 2498 sianus
241 2442 271 2498 et
297 2439 458 2498 Lorenzius
486 2437 626 2516 legebant
650 2439 784 2507 nicto,
813 2457 866 2498 nos
891 2441 1012 2498 netto.
1045 2440 1119 2498 Bur·

105 2529 208 2588 sianus
245 2528 431 2604 proponebat
467 2545 501 2587 en
538 2529 643 2586 collato
678 2528 727 2587 vel
764 2529 929 2596 connliotn,
967 2547 1021 2588 nos
1057 2529 1119 2588 illis

105 2616 243 2695 vestigiis
277 2617 370 2676 solam
408 2617 580 2676 satisfacere
617 2615 807 2676 censebamus
843 2635 946 2677 vocem
983 2619 1120 2692 encelado,

103 2726 193 2781 quarn
217 2706 318 2781 aliquo
351 2705 439 2764 modo
471 2706 543 2764 ferri
571 2724 657 2781 posse
687 2705 813 2782 probare
837 2706 1028 2766 studebamus
1051 2708 1071 2766 1.
1095 2727 1119 2766 c.

102 2816 131 2870 p.
157 2797 220 2854 293
232 2813 275 2870 sq.
321 2794 364 2854 At
386 2794 445 2854 nisi
467 2794 550 2852 Vll
575 2797 695 2853 ennrne't
724 2798 754 2854 et
781 2795 836 2852 XX
857 2797 874 2852 7
900 2797 1029 2869 enspa'rut
1050 2815 1120 2856 nus·

103 2903 193 2960 quam
226 2885 257 2942 in
290 2884 390 2944 codice
413 2902 427 2942 s
449 2887 519 2960 post
541 2901 560 2941 n
584 2884 695 2959 scripta
725 2886 777 2942 est.
824 2883 917 2942 Aliud
940 2885 1034 2961 igitur
1055 2889 1120 2944 ten-

194 3039 219 3105 1)
238 3035 364 3106 Benigne
388 3035 579 3090 intercedente
599 3034 749 3090 Gustavo
768 3036 893 3090 Koerte
912 3036 1120 3090 Reverendissi·

102 3125 165 3160 mus
187 3107 217 3160 P.
236 3105 338 3161 Ehrle
362 3123 379 3160 a
402 3107 483 3161 nobis
511 3109 615 3174 oratus,
644 3109 676 3160 ut
703 3106 766 3160 folii
794 3113 840 3160 21Ι
864 3107 934 3161 loeis
963 3107 1119 3162 obscuratis

103 3178 249 3246 chymicae
268 3179 336 3233 artis
357 3178 484 3232 subsidia
503 3177 657 3245 adhiberet,
676 3179 821 3247 rescripsit
839 3195 1004 3248 persuasum
1022 3197 1051 3234 se
1069 3179 1120 3232 ha·

103 3249 170 3303 bore
193 3249 302 3303 nullum
326 3249 462 3304 auxilium
481 3249 517 3303 ab
537 3251 597 3303 arte
616 3249 745 3318 chymica
764 3251 921 3319 exspectari
939 3266 1034 3319 posse:
1056 3250 1119 3304 ‘Die

101 3319 217 3376 deken
243 3321 411 3375 entstanden
435 3320 523 3375 durch
546 3320 604 3374 fast
627 3320 745 3392 vblliges
765 3319 946 3376 Abbrbckeln
969 3322 1019 3375 der
1037 3321 1119 3375 Tinte

100 3409 157 3448 von
185 3410 218 3446 zu
247 3392 337 3448 sutton
365 3393 432 3446 oder
455 3410 489 3445 zu
514 3391 688 3461 kompakten
713 3391 818 3446 Stellen
842 3393 890 3447 der
913 3392 1117 3463 Pergamentr)

102 3463 211 3518 Deinde
229 3464 493 3520 benevolentissime
512 3463 583 3518 chr.
599 3463 749 3518 Huelsen
767 3463 843 3518 locos
858 3464 923 3518 illos
937 3464 1040 3518 iterum
1055 3480 1118 3519 exa-

101 3536 223 3589 minavit
248 3539 277 3589 et
302 3551 374 3604 quae
401 3535 563 3604 disperierat
588 3535 735 3589 nobiscum
762 3536 987 3590 communicavit.
1027 3534 1118 3600 Quare

101 3606 211 3676 gratias
231 3623 341 3660 summo
360 3607 419 3660 viro
438 3605 484 3659 hic
503 3622 614 3675 quoque
634 3607 751 3676 agimus.
