2684 4062
221 225 264 289 48
559 223 697 278 alamur
715 221 884 276 MATERNI

221 397 320 471 potest
350 395 408 452 nisi
439 394 623 452 inmaculata
656 411 709 452 nos
741 395 939 452 eonscientiae
967 396 1142 452 ornamenta
1168 413 1237 468 pro-

221 485 359 559 texerint,
386 484 445 544 nisi
472 485 590 560 integra
617 502 671 541 nos
698 486 729 541 et
755 484 929 559 incorrupta
956 483 1020 542 vita
1044 484 1237 544 commendet.

223 575 306 632 Tune
337 573 450 632 orietur
481 572 567 630 nobis
599 573 662 631 veri
693 572 815 632 luminis
845 573 953 649 gratia,
985 575 1056 631 tuno
1088 591 1119 632 ae
1151 573 1237 632 nobis

222 663 297 721 lueis
321 665 426 722 auctor
448 663 590 736 insinuat,
617 665 688 720 tuno
712 681 814 721 verum
836 663 937 722 lumen
961 665 991 722 et
1014 664 1148 738 aooipere
1170 680 1237 737 pos·

187 768 323 816 usumus
357 755 387 809 et
418 751 525 810 videre.
573 750 631 809 Sed
662 753 699 810 ut
730 753 892 828 sacrilegae
924 754 1005 811 vocis
1035 751 1239 826 conprimatur
1268 773 1279 811 5

222 841 399 916 inprobitas,
426 841 478 918 qui
506 840 546 898 sit
569 859 636 899 vere
661 859 786 916 sponsus
814 859 965 900 sacrarum
987 841 1150 900 lectionum
1173 859 1238 899 ora·

224 931 300 989 aulis
332 929 529 1005 conprobabo,
561 933 594 988 ut
624 929 769 1004 probetur
805 949 947 1006 sponsum
983 949 1045 990 ease
1080 929 1240 1004 Christum,

223 1037 362 1094 sponsam
387 1019 549 1092 eeclesiam,
572 1036 608 1075 ex
632 1037 691 1094 qua
714 1020 882 1078 venerando
905 1020 985 1095 patri
1011 1020 1161 1095 spiritales
1184 1018 1240 1076 filii

223 1128 277 1184 per
300 1103 363 1166 dies
386 1108 520 1186 singulos
543 1109 744 1182 procreantur.
790 1109 827 1166 In
850 1109 906 1167 hac
931 1108 1106 1184 probatione
1131 1127 1240 1167 aroana

223 1197 437 1273 prophetarum
460 1197 628 1256 veneranda
655 1197 835 1272 pandantur,
864 1198 992 1257 adsistat
1014 1198 1099 1258 nobis
1123 1201 1238 1257 saneto·
1256 1221 1283 1258 ro

223 1307 290 1344 rum
318 1287 506 1346 oraculorum
533 1285 613 1344 fides.
659 1285 742 1345 lohel
770 1286 872 1346 divino
900 1288 1010 1363 spiritu
1037 1289 1174 1347 monente
1198 1289 1241 1345 sio

224 1375 311 1434 dioit:
335 1371 474 1434 ‘Oanite
497 1375 585 1435 tuba
607 1378 643 1434 in
669 1374 766 1450 Sion,
793 1375 1027 1435 sanetifieate
1049 1377 1241 1448 ieiunium,

200 1527 203 1535 ,
225 1468 260 1524 et
282 1465 435 1524 indicite
460 1465 696 1539 curationem,
716 1465 911 1543 adgregato
930 1467 1115 1541 populum,
1139 1483 1240 1523 sano-

207 1554 371 1614 'tifieate
404 1554 607 1628 ecelesiam,
637 1557 794 1631 excipite
827 1555 980 1614 maiores
1008 1558 1107 1629 natu,
1136 1555 1241 1612 oolli-

225 1645 299 1720 gite
323 1643 494 1719 parvulos
518 1644 707 1703 laetantes.
745 1643 923 1703 Prooedat
945 1662 1095 1719 sponsus
1119 1644 1159 1702 de
1183 1663 1241 1701 uu-
1258 1665 1283 1704 u

133 1798 136 1803 ,
190 1733 344 1794 4bioulo
373 1751 448 1806 suo,
477 1735 511 1790 et
539 1751 670 1807 sponsa
698 1734 737 1791 (le
760 1734 920 1792 thalamo
945 1727 1027 1793 suo’.
1073 1733 1138 1792 Hoc
1161 1733 1242 1791 idem

225 1822 391 1881 Hieremias
415 1822 508 1880 simili
529 1823 645 1881 ratione
669 1822 826 1899 signifieat.
868 1822 922 1881 Ait
945 1825 1024 1880 enim
1047 1841 1113 1880 oum
1133 1821 1242 1880 Hieru-

226 1912 318 1970 salem
332 1911 410 1970 truoi
423 1913 556 1969 minatur
565 1913 698 1970 oraculo:
714 1907 770 1969 ‘Et
789 1913 948 1970 auferam
966 1911 1006 1970 de
1023 1911 1242 1972 civitatibus

226 2000 334 2059 Iudae
359 2004 393 2058 et
416 1999 456 2058 de
481 2000 694 2076 quadruviis
716 2000 944 2060 Hierusalem
963 2019 1082 2060 vocem
1101 2001 1241 2060 laetan-

225 2091 330 2163 tium,
354 2109 472 2148 vooem
497 2091 621 2169 sponsi
644 2093 678 2148 et
701 2109 820 2148 vooem
843 2085 1021 2166 sponsae'.
1068 2091 1241 2148 Prooessum
1258 2111 1286 2149 ro

227 2181 328 2254 sponsi
356 2180 448 2237 etiam
473 2198 527 2253 per
553 2180 684 2254 psalmos
706 2179 862 2253 praedicat
884 2181 1008 2254 spiritus
1032 2183 1161 2239 sanetus.
1207 2179 1244 2238 ln

227 2271 332 2327 oetavo
357 2268 471 2327 decimo
494 2268 609 2343 psalmo
632 2267 689 2326 hoo
712 2271 864 2327 invenitur
892 2269 1058 2342 oraculum3
1083 2270 1127 2327 ait
1150 2269 1244 2327 enim:

147 2368 207 2418 (10⁶)
228 2352 284 2415 ‘Et
307 2359 383 2433 ipse
408 2357 508 2416 velut
531 2375 682 2432 sponsus
707 2359 895 2434 egrediens
919 2358 958 2416 da
984 2349 1143 2417 thalamo
1167 2372 1244 2416 suo·

228 2446 422 2520 exultavit,
452 2447 554 2504 velut
585 2448 714 2524 gigans
747 2449 841 2505 viam
874 2467 1030 2518 ourrere;
1065 2466 1083 2505 a
1110 2465 1244 2505 summo

228 2536 320 2596 oaeli
357 2537 537 2611 profectio
574 2536 651 2594 eius
689 2538 724 2596 et
756 2537 920 2596 decursio
952 2539 1028 2595 eius
1059 2555 1170 2612 usque
1201 2535 1288 2596 adra

228 2645 399 2686 summum
435 2627 525 2700 eiua,
563 2627 597 2683 et
633 2645 701 2684 non
738 2629 791 2686 est
829 2627 888 2701 qui
925 2627 1041 2684 lateat
1073 2645 1091 2685 a
1124 2625 1246 2685 calore

320 2832 356 2886 12
375 2833 436 2888 Joel
453 2837 582 2900 2,15,sq1
658 2831 695 2885 18
714 2833 770 2887 Jer.
788 2838 812 2900 7,
823 2836 865 2886 34.
940 2831 978 2886 23
998 2835 1044 2887 Pa.
1061 2836 1181 2900 18,6sq.

320 3011 335 3064 1
357 3013 519 3065 ornamenta
530 3029 535 3041 ·
546 3011 731 3079 protexerint;
746 3014 780 3065 P.
890 3011 908 3064 6
928 3011 965 3065 eit
983 3013 1035 3078 Fl,
1054 3011 1094 3065 sio
1115 3013 1145 3064 P.

232 3083 269 3137 1o
288 3083 406 3136 litteram
425 3099 440 3136 e
453 3084 576 3151 priorem
589 3084 662 3138 uocis
679 3084 839 3137 veneranda
857 3099 925 3138 corr.
941 3085 968 3138 P
981 3101 1014 3138 aa
1031 3100 1055 3137 a.
1130 3083 1165 3137 11
1182 3088 1249 3149 poet

230 3153 306 3209 iohel
325 3161 349 3208 et
367 3156 498 3208 monente
517 3154 579 3208 dist.
595 3156 628 3209 P.
703 3153 740 3207 12
760 3156 785 3208 d.
796 3173 827 3224 p.
843 3154 910 3208 Sion
929 3156 992 3209 add.
1068 3155 1104 3208 le
1124 3155 1247 3223 quadru—

230 3226 286 3279 biis
306 3227 339 3280 P.
395 3225 430 3278 21
452 3225 478 3278 d.
489 3243 518 3293 p.
534 3227 647 3279 sanetus
667 3225 730 3279 add.
796 3225 833 3280 23
853 3226 992 3280 exultauit
1006 3229 1034 3280 P
1052 3243 1125 3292 (eum
1145 3226 1248 3294 Valla),

231 3296 371 3350 exultabit
390 3298 437 3350 Bu
448 3297 497 3350 Ha
515 3298 559 3365 (er
577 3297 658 3365 Sept,
677 3299 727 3352 abi
744 3305 782 3352 est
800 3297 1017 3366 apollodorum).

322 3477 337 3530 1
363 3476 454 3530 Malla
474 3479 569 3541 37,17
593 3476 789 3544 (Afrorumque
814 3475 945 3530 subdolae
969 3477 1087 3545 mentes)
1111 3475 1250 3528 honestae

233 3547 299 3601 fidei
321 3548 485 3600 ornamenta
508 3547 704 3601 condecorant.
742 3551 838 3614 85,13
862 3551 1025 3602 ornamenta
1048 3546 1191 3620 virtutis,

232 3618 570 3685 BffmfflmQM
1073 3621 1076 3626 '
