2698 4068
222 205 262 269 16
558 205 695 260 FIRMIGI
714 205 882 261 MATERNI

123 389 164 439 1⁰1·
176 383 207 426 δ”
221 375 373 435 cadaveris
392 374 535 434 inauditis
549 393 644 452 usque
658 375 690 434 in
703 375 790 434 illum
803 375 882 435 diem
897 376 992 452 epulis
1013 371 1018 454 Ι
1038 380 1233 436 vescerentur.

221 465 279 524 (lor
302 464 431 524 divisum
460 465 518 524 sibi
541 483 624 523 soror
646 467 754 539 servat,
778 457 842 545 (cui
863 465 998 525 Minerva
1021 466 1080 524 fuit
1102 457 1235 544 nomen),

221 555 294 630 quia
317 554 435 630 etipsa
450 554 569 613 scalenis
581 554 648 611 fnit
665 555 823 630 particeps,
843 557 872 614 ot
890 558 925 614 ut
942 555 1134 614 manifestum
1153 554 1235 613 dela·

221 642 311 702 tionis
341 645 419 702 esset
448 643 605 719 indicium,
635 646 666 701 ot
687 646 722 702 ut
743 643 867 702 haberet
889 643 967 702 unde
989 643 1116 702 mentis
1138 643 1234 718 patris

221 732 367 809 impetum
389 733 552 809 mitigaret.
598 733 726 792 Reverso
753 732 819 792 Iovi
845 732 908 791 filia
936 732 1069 792 ordinem
1093 732 1234 790 facinoris
1265 752 1277 791 s

185 819 349 896 sexponit.
396 822 478 880 Tunc
507 825 594 897 pater
622 823 741 881 funesta
771 823 942 882 calamitate
970 821 1113 880 cladiset
1136 821 1235 881 acerbi

220 911 318 969 luctus
342 913 499 970 atrocitate
529 911 838 970 commotus·Titanas
869 910 990 986 quidem
1012 912 1096 970 vario
1127 929 1234 988 genere

221 999 403 1060 excruciatos
432 1002 531 1074 necat,
562 1017 616 1058 nec
644 1002 886 1074 praetermissum
916 1002 961 1060 est
988 1001 1019 1058 in
1042 1000 1156 1059 ultione
1178 999 1236 1057 filii

221 1092 274 1148 aut
295 1091 475 1148 tormentum
505 1088 626 1164 aliquod
659 1091 713 1146 aut
741 1107 850 1165 poena,
883 1088 935 1148 sed
966 1108 1020 1165 per
1042 1090 1143 1148 omnia
1166 1108 1233 1165 poe·

219 1197 327 1238 narum
350 1197 459 1255 genera
481 1177 654 1238 bacchatus·
678 1197 781 1238 necem
808 1179 1032 1254 qualiscumque
1060 1177 1117 1236 filii
1139 1177 1236 1237 vindi·
1251 1200 1278 1236 rc
1333 1213 1334 1220 κ

221 1269 311 1336 cavit,
329 1267 438 1326 affectu
457 1267 577 1343 quidem
595 1268 691 1343 patris
710 1266 761 1325 sed
780 1269 939 1344 tyrannica
957 1269 1114 1344 potestate.
1153 1267 1235 1325 Tunc

222 1357 293 1432 quia
325 1357 436 1415 diutius
467 1358 554 1433 pater
590 1357 666 1415 ferre
703 1356 833 1434 lugentis
870 1357 964 1415 animi
994 1359 1143 1416 tormenta
1175 1375 1236 1415 nou

221 1448 353 1522 poterat,
383 1448 414 1505 et
443 1447 515 1520 quia
538 1445 623 1505 dolor
646 1465 682 1504 ex
705 1446 834 1504 orbitate
857 1447 978 1505 veniens
1001 1444 1093 1504 nullis
1117 1445 1235 1505 solaciis

220 1535 425 1614 mitigabatur,
448 1535 610 1612 imaginem
634 1536 698 1594 eius
722 1555 756 1594 cx
780 1552 874 1614 gypso
903 1535 1030 1611 plastico
1058 1553 1146 1610 opere
1170 1554 1235 1610 per-

221 1624 300 1699 fecit,
324 1628 353 1683 et
376 1643 426 1683 cor
449 1625 535 1700 pueri
558 1644 593 1682 ex
620 1643 679 1700 quo
702 1625 817 1684 facinus
841 1625 941 1683 fuerat
964 1642 1062 1682 sorore
1086 1623 1277 1682 deferentem
1333 1683 1334 1686 ,

221 1712 378 1786 detectum,
401 1715 434 1771 in
457 1731 492 1772 ea
510 1717 596 1789 parte
614 1714 726 1789 plastes
745 1714 882 1773 conlocat
900 1732 960 1787 qua
973 1714 1101 1788 pectoris
1116 1713 1237 1771 fucrant

221 1802 397 1860 liniamenta
419 1803 556 1861 formata.
603 1802 675 1861 Post
696 1803 769 1862 haec
792 1821 847 1878 pro
869 1802 986 1860 tumulo
1014 1799 1140 1861 exstruit
1162 1803 1236 1859 tem·

186 1907 202 1955 5
221 1890 317 1966 plum,
348 1894 377 1950 et
399 1890 606 1968 paedagogum
634 1893 720 1966 pueri
743 1892 898 1950 constituit
921 1891 1110 1950 sacerdotem.
1157 1889 1237 1950 Huic

222 1979 340 2038 Silenus
363 1981 423 2038 fuit
445 1999 559 2038 nomen.
608 1978 760 2038 Cretenses
788 1983 823 2038 ut
845 1981 973 2040 furentis
996 1982 1118 2056 tyranni
1142 1981 1236 2039 saevi-

220 2071 296 2127 tiam
318 2070 507 2146 mitigarent,
538 2071 629 2128 festos
657 2070 769 2129 funeris
797 2068 859 2128 dies
883 2072 1028 2144 statuunt,
1053 2072 1083 2128 et
1104 2088 1237 2128 annuum
1252 2089 1278 2128 so

222 2177 339 2217 sacrum
377 2159 527 2217 trieterica
564 2160 784 2218 consecratione
821 2162 1006 2234 conponunt,
1049 2158 1148 2216 omnia
1183 2178 1238 2234 per

223 2247 356 2307 ordinem
378 2249 521 2307 facientes
541 2265 617 2322 quae
636 2266 713 2323 puer
730 2248 870 2307 moriens·
895 2251 948 2306 aut
966 2248 1038 2306 fecit
1056 2251 1110 2306 aut
1132 2266 1236 2325 passus

224 2340 276 2397 est.
322 2337 433 2395 Vivum
465 2336 583 2395 laniant
619 2336 756 2395 dentibus
793 2338 926 2411 taurum,
964 2335 1096 2396 crudeles
1134 2337 1236 2412 epulas

223 2427 330 2485 annuis
354 2425 684 2486 commemorationibus
716 2426 888 2500 oscitanter,
918 2430 948 2485 et
974 2446 1028 2501 par
1051 2429 1163 2485 secreta
1186 2425 1235 2484 sil·

222 2535 327 2575 varum
351 2514 529 2574 clamoribus
553 2516 680 2574 dissonis
700 2514 1092 2592 eiulantesfinguut‘animi
1112 2515 1237 2574 furentis
1252 2536 1277 2574 25

312 2702 416 2771 dquia
430 2705 464 2769 P,
485 2720 555 2772 quae
570 2705 619 2758 Bu
628 2703 685 2756 Hc.
777 2702 908 2757 ducatui
922 2704 956 2758 P.
1045 2703 1106 2756 ld.
1117 2721 1148 2772 p.
1164 2719 1239 2756 com-

222 2777 314 2827 motus
333 2775 398 2828 add.
480 2773 498 2827 9
518 2777 567 2828 aut
585 2777 660 2846 pent
673 2775 707 2828 P.
792 2772 830 2828 lo
848 2774 873 2827 cl.
885 2792 915 2843 p.
930 2774 1083 2828 bacchatus
1102 2775 1166 2828 cdd.

223 2861 304 2899 neces
318 2846 351 2898 Ρ,
444 2845 481 2899 15
501 2845 610 2914 corpori
624 2849 659 2912 P,
678 2863 727 2900 eru.
741 2849 798 2901 Bu.
891 2845 927 2899 lo
949 2845 1055 2914 plastes
1074 2847 1125 2914 (ccl
1142 2845 1238 2912 plasti)

223 2919 280 2984 Bc,
297 2913 390 2988 plaste
404 2918 437 2970 P.
483 2916 520 2970 lo
540 2917 644 2971 silenus
662 2934 730 2972 corr.
741 2936 763 2987 p
778 2935 810 2971 ecc
829 2916 946 2971 selenus.
984 2915 1021 2970 22
1041 2917 1066 2970 d.
1074 2934 1103 2984 p.
1118 2917 1239 2969 moriens

222 3006 287 3061 add.
360 3003 398 3058 24
418 2989 507 3059 annds
522 3008 556 3061 P.
630 3006 667 3061 25
687 3007 713 3060 d.
724 3025 755 3075 p.
770 3005 909 3061 eiulantes
924 3007 1024 3076 ucld.¹

315 3167 328 3220 7
349 3165 426 3221 vario
440 3183 541 3235 genere
555 3183 649 3221 uocem
663 3167 815 3221 Matbescos
828 3168 901 3232 locis,
915 3165 951 3230 cf.
967 3167 1018 3220 Mo
1033 3169 1075 3218 16.
1114 3164 1132 3218 9
1148 3163 1238 3217 Mau.

224 3242 297 3305 29,4
321 3254 372 3306 per
395 3238 490 3291 omnia
514 3236 689 3292 crudelitatis
714 3253 816 3308 genere
839 3238 1005 3307 grassatum.
1035 3235 1240 3290 Arucb.1176

224 3309 318 3362 omnia
341 3325 444 3378 genera
467 3323 621 3379 poenarum
641 3311 748 3379 (1130.·
766 3325 817 3378 pon
835 3307 929 3363 omnia
947 3306 1099 3360 libidinum
1117 3309 1239 3376 genera).

224 3380 273 3435 IV
285 3385 320 3435 35
339 3397 389 3449 pcr
407 3379 524 3435 affectus
544 3397 639 3435 omncs
659 3379 831 3434 meretriciae
850 3378 968 3432 vilitatis
1050 3377 1190 3433 bacchari.

225 3451 263 3506 lo
277 3468 329 3506 vox
342 3451 447 3522 plastes
462 3459 550 3508 exstat
566 3453 731 3519 Matmcs,
743 3455 787 3506 18.
843 3450 877 3504 17
896 3451 986 3506 Matlr.
1001 3454 1073 3516 16,6
1087 3448 1136 3519 qui
1150 3447 1239 3504 isdem

225 3539 258 3576 ac
282 3523 421 3577 similibus
449 3524 638 3578 membrorum
663 3521 836 3576 liniamentis
859 3522 1010 3577 videantur
1037 3537 1096 3576 csse
1118 3520 1238 3575 formati.

227 3599 252 3660 6,
267 3599 284 3648 5
304 3602 328 3649 et
345 3599 469 3660 264,13.·
487 3612 635 3664 corporum
652 3593 827 3670 liniamenta.
865 3594 945 3648 Adde
963 3597 1079 3660 152,11.
