2684 4062
205 189 249 254 52
549 189 687 245 secuml
705 189 873 244 Mnsunru

204 358 301 436 ginis
334 358 525 417 metuenda
556 361 590 418 et
623 359 720 418 elate
749 358 871 418 stabat
898 361 1025 418 contra
1048 361 1096 418 ts:
1120 361 1222 419 cuius

205 450 313 523 ceput
344 447 417 506 fuit
448 467 488 507 ex
516 467 601 508 auro
629 448 734 522 bono,
762 450 888 524 pectus
912 450 949 508 et
971 448 1121 508 brachia
1143 450 1221 508 sius

204 537 392 616 argentea,
424 538 550 597 venter
582 539 616 596 et
648 537 783 597 femore
816 556 932 612 aerea,
965 537 1072 614 pedes
1103 541 1223 597 autern

204 645 245 684 ex
273 627 376 701 parts
407 625 549 702 quidem
576 627 701 698 ferrei,
729 645 768 686 ex
795 629 898 703 perte
927 630 1043 686 autem
1067 627 1222 686 fictiles:

205 714 442 791 quoadusque
466 715 629 775 abscisus
654 718 708 776 est
730 715 826 792 lapis
850 716 890 775 de
913 718 1031 776 monte
1055 715 1132 775 sine
1150 735 1222 774 ma·
1252 736 1265 774 ι

205 803 311 862 nibus
335 804 617 878 concidentium,
641 808 675 864 et
697 806 878 880 percussit
900 806 1093 883 imaginem
1117 823 1224 882 super

206 892 312 969 pedes
341 894 478 954 ferreos
509 897 544 953 st
572 893 712 953 fictiles
736 895 770 952 et
793 894 1004 953 comminuit
1027 912 1085 952 eos
1108 893 1223 953 minu·

205 982 326 1055 tatim,
358 985 392 1041 et
421 983 558 1041 factum
591 984 646 1042 est
677 982 784 1042 simul
816 982 950 1042 ferrum
982 984 1016 1041 et
1047 985 1157 1057 testa,
1190 985 1225 1041 et

206 1073 455 1129 aeramentum
492 1075 528 1131 et
565 1074 753 1149 argentum
785 1074 819 1131 st
853 1091 977 1130 aurum
1008 1073 1108 1131 facta
1140 1075 1223 1131 sunt

206 1158 345 1218 minuta
378 1160 482 1236 quasi
514 1161 632 1238 palea,
665 1163 703 1218 ut
734 1160 855 1236 pulvis
887 1163 923 1219 in
958 1179 1041 1219 area
1069 1163 1223 1236 aestate,
1239 1177 1266 1216 ro

206 1252 243 1308 et
266 1249 467 1308 ventilavit
489 1249 557 1308 illa
580 1251 710 1308 ventus
733 1249 788 1308 ita
817 1252 857 1309 ut
884 1249 980 1308 nihil
1008 1251 1224 1309 remanserit

207 1339 353 1398 inillis.
400 1338 445 1397 Et
474 1337 569 1415 lapis
593 1340 654 1415 qui
684 1338 865 1414 percussit
887 1340 1080 1417 imaginem
1103 1339 1223 1400 fuctus

171 1429 262 1486 test
284 1446 382 1487 mons
405 1446 555 1504 magnus
579 1431 614 1486 et
636 1428 808 1503 implevit
830 1430 945 1488 totam
967 1423 1122 1488 terram'
1166 1427 1225 1497 Qui

207 1516 290 1575 loeus
314 1516 354 1576 'in
385 1519 466 1575 terra
498 1519 544 1577 est
568 1536 656 1594 quem
685 1537 746 1576 non
770 1515 881 1577 Christi
896 1517 1071 1594 ‘possederit
1094 1515 1225 1577 nomen?

208 1603 274 1674 Qua
290 1605 342 1664 'sol
365 1607 477 1665 oritur·
493 1624 553 1683 qua
575 1606 776 1682 occiditque
795 1606 920 1684 erigitur
939 1607 1149 1683 septemtrion·
1165 1625 1224 1683 qua
1241 1623 1267 1662 ιι

208 1695 308 1772 vergit
331 1698 442 1770 auster,
464 1696 563 1754 toturn
586 1697 747 1756 venerandi
770 1695 897 1754 nominis
920 1695 1060 1755 maiestas
1078 1696 1225 1772 implevit,

96 1807 99 1818 ·
209 1786 239 1842 et
261 1783 335 1843 licet
357 1783 452 1842 adhuc
475 1785 508 1842 in
536 1783 713 1861 qmbusdam
742 1783 913 1862 regionibus
947 1783 1136 1844 idololatriae
1163 1801 1225 1846 mo·

207 1871 318 1931 risntia
341 1873 492 1948 palpitent
513 1872 655 1947 membre,
678 1875 779 1932 temen
801 1874 833 1931 in
857 1891 891 1932 so
912 1891 960 1933 res
983 1875 1028 1933 est
1045 1876 1082 1932 ut
1099 1873 1226 1949 expiatis

209 1960 346 2021 omnibus
370 1963 474 2021 terris'
490 1962 662 2038 pestiferum
687 1960 743 2020 hoc
760 1962 874 2020 malum
891 1962 1026 2022 funditus
1046 1965 1225 2040 amputetur.

209 2049 254 2109 De
281 2051 478 2110 idolatrorum
509 2050 609 2126 lapide
642 2051 678 2110 (le
706 2065 764 2126 quo
787 2051 908 2110 dieunt:
945 2048 1017 2122 θεὸς
1048 2049 1080 2110 ἐι(
1112 2047 1227 2131 πέτρας,
1242 2067 1269 2106 so

123 2193 125 2201 .
211 2139 292 2216 quod
314 2141 529 2240 prophetarum
552 2139 706 2215 respondit
693 2139 897 2200 tomculum?
922 2139 978 2199 Oui
996 2142 1096 2200 autem
1114 2141 1228 2200 restitit

126 2222 140 2275 l
176 2229 261 2288 cvel
290 2228 340 2288 oui
371 2228 484 2304 profuit
515 2226 615 2304 lapis?
651 2227 744 2305 Lapis
775 2231 830 2288 eut
831 2249 877 2288 em
904 2229 953 2288 hic
981 2232 1101 2290 sanctus
1128 2229 1228 2288 idest

98 2300 196 2405 fisi?
213 2315 357 2392 Christus,
386 2319 439 2376 eut
465 2310 559 2398 111111
580 2317 777 2378 fundamenta
803 2320 961 2392 sustentat,
984 2317 1094 2377 autin
1116 2315 1227 2397 angulo

212 2408 343 2481 positus·
369 2406 495 2467 duorum
519 2409 669 2482 parietum
700 2407 833 2467 membra
865 2409 993 2483 aequata
1025 2408 1228 2467 moderatione

210 2491 403 2574 (conponit),
434 2496 466 2554 id
499 2499 544 2556 set
575 2497 683 2556 veteris
716 2500 746 2557 et
778 2496 849 2556 novi
875 2495 1085 2556 testamenti
1075 2517 1108 2556 ιιι
1134 2517 1228 2556 unum
1244 2514 1270 2553 ιι

303 2647 318 2701 1
340 2649 369 2701 et
384 2654 448 2717 post
465 2649 618 2703 metuenda
630 2649 662 2702 ire
675 2650 799 2718 morpiue
812 2649 868 2715 fere
881 2648 1013 2716 scriptum
1027 2649 1076 2715 ita,
1090 2655 1123 2702 at
1135 2655 1229 2703 rtrum

210 2721 300 2787 ipsius
310 2720 337 2774 P
347 2720 384 2774 sit
398 2737 437 2773 aa
450 2737 551 2774 manus
563 2721 720 2775 recentioris
733 2718 887 2774 diiudicari
900 2721 949 2774 circ
959 2721 1054 2788 possit.
1093 2719 1131 2773 10
1144 2720 1190 2774 rid.
1197 2737 1227 2789 p.

209 2790 294 2859 palea
317 2797 342 2845 et
365 2793 474 2845 aestate
497 2791 561 2846 odd.
636 2789 674 2844 14
698 2790 747 2858 qni
771 2807 826 2844 non
847 2792 880 2858 P,
904 2807 952 2845 em.
968 2791 1019 2844 Fi.
1092 2790 1130 2844 15
1149 2793 1228 2860 septi

212 2861 287 2916 trion
307 2864 340 2916 P.
415 2861 453 2915 11
472 2861 498 2915 d.
509 2880 539 2930 p.
555 2864 649 2916 auster
668 2862 732 2915 adri.
788 2861 910 2916 nominis
929 2864 963 2928 P,
981 2861 1104 2915 numinis
1120 2880 1164 2930 pr.

213 2932 251 2986 18
271 2932 391 3016 expiatis
410 2935 444 3000 P,
463 2935 590 3002 upraes.
605 2951 635 3002 p.
651 2933 756 2999 XL,c
780 2931 947 2986 Christianis
966 2951 1012 3003 pr.
1104 2932 1141 2986 111
1160 2934 1228 3003 (tp.

211 3004 294 3058 terris
313 3006 377 3059 aeid
451 3004 488 3058 20
507 3004 663 3058 idolatrorfi
678 3005 711 3072 P,
729 3003 849 3059 idololat
837 3007 944 3058 irarum
958 3023 1003 3074 pr
1019 3011 1049 3059 ai
1067 3007 1101 3072 cs.
1117 3009 1163 3071 81,
1173 3010 1197 3059 4.

213 3075 249 3129 21
271 3078 366 3130 autem
385 3077 436 3130 dei.
452 3077 504 3131 Kr.
560 3076 665 3130 restitit
681 3047 885 3160 pffuith.
901 3048 1230 3146 succensentes

212 3147 351 3207 resistit).
364 3147 477 3216 parcit
490 3166 535 3218 pr.
609 3145 647 3200 22
666 3147 721 3202 rste
733 3146 807 3216 lap1s
822 3147 849 3201 F
855 3149 865 3202 i
878 3154 903 3202 et
916 3148 986 3211 edd,
1004 3147 1078 3216 lapis
1094 3147 1228 3233 ¹(cester)

213 3220 385 3287 probabilius
399 3219 542 3284 St(=-
544 3223 616 3286 --o.)
665 3217 702 3272 24
722 3221 788 3288 dp.
803 3218 911 3287 positus
926 3189 990 3272 adri.
1041 3221 1113 3274 cocis
1127 3222 1231 3290 equata

213 3291 258 3346 litt
247 3297 305 3345 tera
324 3306 341 3344 a
358 3291 459 3356 finieris
472 3308 489 3344 u
503 3309 533 3362 rr,
549 3297 688 3357 reuocata,
702 3307 789 3359 supro
803 3305 818 3360 p
831 3292 942 3359 scripsit
955 3306 978 3342 ae
993 3288 1145 3360 1,.15
1166 3306 1231 3344 con-

213 3361 296 3430 ponit
309 3378 368 3427 reos,
382 3378 406 3414 o.
418 3363 518 3430 praef,
533 3361 680 3431 coniungit
694 3380 739 3430 pr.

306 3502 344 3557 111
365 3504 455 3558 Matr.
472 3503 595 3560 0111ss
605 3509 641 3558 16
657 3521 729 3557 unus
743 3502 831 3572 piscis
845 3503 881 3558 ed
896 3504 1029 3558 Austrum
1043 3504 1143 3574 vergit,
1158 3502 1230 3558 alius

216 3574 253 3628 ad
271 3573 448 3643 Aquilonem.
530 3574 567 3631 25
587 3576 623 3641 es.
638 3576 676 3630 od
694 3579 756 3641 4,2.
