2684 4062
208 192 249 255 78
555 187 693 242 FIRMICI
710 186 880 242 Massam

206 359 309 418 etita
335 358 481 434 loquitur:
516 353 627 416 ‘Haec
660 359 714 417 est
746 359 865 415 antem
897 357 974 416 vita
1007 359 1151 416 aeterna
1185 359 1226 415 ut

207 450 428 526 cognoscant
450 451 484 506 te
508 446 621 506 solum
644 466 765 505 verum
789 445 968 506 dominnm
988 449 1141 522 atquem
1160 449 1227 506 mi-

208 537 293 597 sisti
310 537 426 597 Iesum
447 531 648 600 Christum?
682 534 842 594 Sacrorum
859 536 1071 595 mandatorum
1090 536 1227 596 ordinem

98 687 100 690 .
207 627 303 704 scitis3
331 627 403 702 quid
431 627 516 701 sequi
544 625 617 701 quid
644 625 741 702 fugire
769 623 913 700 debeatis,
942 625 1111 683 veneranda
1134 629 1227 700 atque

209 716 365 776 inmortali
386 734 457 776 voce
482 714 635 774 didicistis.
668 713 779 772 Audite
798 732 899 774 rursus
919 714 999 790 quod
1016 717 1137 774 maneat
1156 732 1227 773 con·
1257 740 1268 779 5

208 807 374 864 temnentes
406 804 542 878 exitium,
574 802 682 879 quibus
710 803 777 861 illos
809 803 1032 862 calamitatibus
1063 805 1226 863 necessitas

156 901 190 951 10
208 895 394 954 venerandae
425 893 501 971 legis
535 891 751 952 adstrincxerit.
798 889 938 952 Clausala
971 894 1051 950 enim
1082 912 1227 952 veneran-

209 983 313 1043 dorum
343 983 552 1042 mendatorum
582 982 614 1040 in
643 981 716 1040 haec
747 981 836 1039 verba
864 982 1028 1058 colligitur:
1057 975 1226 1041 ‘Sacrifi-

210 1091 293 1131 cans
324 1072 394 1131 diis
425 1070 674 1131 eradicabitur
702 1073 848 1146 praeter
877 1070 1018 1130 domino
1049 1068 1138 1129 solis
1194 1071 1227 1130 si

210 1162 306 1220 solum
330 1161 507 1239 sacrilegum
530 1161 685 1219 hominemv
703 1159 863 1218 metuenda
886 1179 982 1236 poena
1000 1163 1178 1237 percuteret,
1201 1160 1229 1220 si
1244 1188 1271 1226 ιο

209 1253 346 1327 peccanti
369 1249 425 1310 soli
447 1252 613 1309 minaretur
636 1249 778 1309 severitas
801 1249 890 1326 legis,
918 1248 993 1308 bene
1021 1268 1052 1312 se
1075 1249 1114 1308 ad
1136 1250 1228 1308 sacri-

209 1341 322 1418 legium
350 1339 494 1399 obstinati
521 1337 630 1397 furoris
657 1339 826 1396 temeritate
853 1338 999 1397 firmaret:
1034 1357 1109 1397 nunc
1139 1339 1229 1414 stirpi

210 1429 344 1488 minatur
373 1432 403 1488 et
433 1429 542 1503 soboli,
572 1430 603 1487 et
631 1426 687 1486 hoc
717 1430 782 1504 agit
811 1447 848 1486 ne
878 1447 938 1503 qua
960 1446 1031 1504 pars
1054 1428 1229 1502 nequissimi

212 1518 332 1578 seminis
363 1518 566 1593 relinquatur,
597 1536 634 1574 nc
662 1516 742 1592 quod
773 1517 894 1590 profani
923 1519 1039 1594 generis
1066 1518 1230 1594 vestigium

212 1610 346 1667 maneat:
367 1601 613 1667 ‘Sacrificans'
634 1607 735 1682 inquit
754 1600 836 1664 ‘diis
856 1600 1124 1665 eradicabitur'.
1152 1605 1270 1670 Con-15

213 1697 309 1756 sidera
325 1696 397 1771 quid
411 1714 484 1772 agas
497 1698 606 1754 misera
620 1695 804 1754 eoluctuosa
818 1695 980 1771 persuasio.
1001 1694 1128 1755 Facinus
1142 1699 1229 1756 tunm

212 1787 358 1863 plurimos
378 1782 382 1864 l
404 1785 539 1860 damnat,
562 1783 708 1861 plurimos
735 1784 854 1860 perdet,
882 1787 912 1843 et
939 1805 993 1861 per
1021 1804 1137 1845 omnem
1161 1784 1229 1844 sub-

213 1875 357 1936 stantiam
380 1877 495 1952 generis
518 1875 566 1933 tui
587 1873 714 1932 fecunda
736 1892 832 1948 poena
856 1873 1007 1933 dividitur.
1047 1873 1106 1932 Cur
1128 1879 1230 1932 antem

213 1967 316 2024 contra
343 1963 542 2024 sacrificantes
571 1962 613 2021 sic
641 1963 757 2020 saeviat
780 1962 935 2022 ordinatae
958 1964 1033 2042 legis
1057 1964 1231 2034 auctoritas,

213 2055 245 2112 in
268 2053 500 2112 Deuteronomio
524 2051 683 2110 manifesta
707 2051 924 2128 significatione
947 2055 1138 2112 monstratur.
1180 2052 1231 2111 Ita
1246 2079 1273 2118 20

213 2144 292 2203 enim
306 2143 474 2201 invenimus
489 2160 551 2200 esse
567 2140 779 2217 perscriptum:
799 2135 1128 2202 ‘sacrificaverunt
1147 2141 1229 2202 dae-

213 2231 343 2292 moniis
366 2234 401 2291 et
423 2250 492 2289 non
516 2225 601 2289 deo'
633 2225 721 2306 <Ne>
741 2229 779 2287 ad
800 2231 1017 2290 contaminatos
1041 2249 1076 2290 ac
1098 2231 1231 2308 pollutos

214 2325 245 2382 te
269 2321 391 2398 spiritus
415 2320 592 2394 transferas,
620 2338 656 2377 ne
680 2318 717 2377 ab
740 2319 930 2385 inferioribus
954 2339 1053 2397 speres
1077 2319 1231 2394 auxilium,

214 2431 251 2471 ne
278 2412 326 2469 bis
354 2409 503 2485 supplices
531 2409 639 2484 quibus
667 2408 715 2467 dei
742 2407 841 2486 gnatia
869 2410 1016 2486 imperare
1044 2411 1106 2468 iam
1134 2409 1231 2470 debes.

306 2652 322 2704 1
341 2651 402 2706 Jos.
418 2655 462 2717 17,
473 2654 497 2704 3.
572 2649 589 2703 8
608 2656 633 2704 et
653 2653 738 2716 79,4:
802 2651 874 2704 seris.
890 2651 1002 2704 declam.
1018 2650 1044 2703 V
1059 2654 1097 2704 20
1115 2650 1232 2704 tandem

216 2723 318 2792 spiritu
335 2721 382 2774 vix
401 2721 431 2775 in
449 2721 620 2791 paucissima
634 2721 718 2774 verba
734 2737 765 2773 co
778 2720 859 2774 lecto.
898 2721 977 2774 XIX
991 2725 1025 2775 15
1044 2721 1129 2776 verba
1148 2721 1232 2775 colle·

216 2793 260 2864 git
278 2795 386 2848 Becker.
461 2794 553 2848 Ecod.
567 2795 668 2857 222⁰.
746 2791 782 2845 21
803 2792 885 2846 Dcat.
901 2797 998 2860 32,17.

665 2903 668 2933 l
720 2923 723 2936 ι

306 2970 325 3025 4
348 2883 536 3040 rugam
558 2863 754 3024 *dimisum
836 2968 947 3041 colligit
965 2973 998 3025 P.
1037 2969 1170 3025 Clausala
1189 3013 1232 3025 ...

218 3043 362 3114 colligitur
380 3044 430 3096 Ηα
445 3042 485 3096 ss
506 3045 565 3110 (qai
588 3043 671 3098 eliam
694 3040 917 3096 Clausulam
939 3042 1055 3112 collegit
1074 3045 1233 3113 proponit).

218 3115 379 3170 Clausulam
452 3112 562 3182 colligit
576 3115 624 3167 Ba
639 3114 723 3180 (Ha).
776 3113 813 3166 lc
833 3113 984 3184 sacrilegii
998 3117 1030 3169 P.
1084 3115 1120 3168 15
1140 3114 1181 3167 dii
1200 3115 1233 3169 P.

219 3187 255 3241 17
276 3186 302 3240 d.
314 3204 343 3254 p.
364 3186 480 3238 damnat
499 3186 563 3239 odd.
635 3183 699 3255 pdde
718 3185 818 3238 codicis
836 3188 973 3241 cauimus
988 3187 1170 3254 persuadente
1184 3186 1234 3252 St,

218 3257 312 3327 perdit
325 3275 371 3327 pr.
433 3257 469 3310 la
489 3256 597 3328 spalat.
617 3258 650 3310 P.
713 3257 739 3309 d.
750 3274 780 3325 p.
796 3256 949 3312 auctoritas
968 3257 1032 3313 add.
1089 3257 1126 3311 22
1147 3256 1234 3329 (Ne)

218 3330 262 3384 bic
281 3329 345 3383 add.
360 3330 417 3394 Ba,
438 3335 501 3396 post
520 3329 635 3398 spiritus
654 3327 697 3380 Fl
714 3328 827 3381 turbata
851 3328 990 3383 clausola:
1014 3347 1052 3382 aa
1070 3330 1236 3384 melicertes

219 3408 283 3456 ante
302 3399 351 3454 ts?
421 3398 548 3467 pullatos
568 3402 600 3454 P.
837 3425 840 3432 r

310 3576 347 3632 ls
368 3578 458 3632 Mars.
474 3581 549 3645 87,2
567 3577 654 3631 istum
672 3577 794 3632 furorem
813 3577 982 3632 temeritatis
1002 3580 1066 3645 (Mo
1084 3583 1142 3648 20).
