2698 4068
603 225 653 286 §6
1020 221 1134 276 XXXIII

116 387 276 446 missbitnr
295 390 430 464 quisquis
448 407 472 447 c.
486 387 518 446 Π
534 390 552 448 9
569 384 848 450 (ΥΝΧΕΡΟΜΕΝ
869 409 923 466 pro
938 389 1132 468 συγχαίρομεν

115 480 146 536 et
164 495 188 536 c.
203 476 272 534 XIX
289 472 435 538 ΝΥΝΦΕ
458 477 603 553 scriptum
626 496 688 538 esse
711 497 765 553 pro
790 477 902 555 νυμφίε
921 479 1131 539 observaverit.

115 566 172 624 Est
189 567 267 625 ratio
285 566 318 624 in
335 565 392 626 hec
410 565 604 626 absurdItete.
639 567 697 626 Sed
716 567 787 643 quid
802 570 849 626 est
862 564 1012 640 συλλέξιεῗ
1033 567 1133 629 Possis

117 657 251 732 cogitare
275 654 442 715 derivatum
465 673 528 714 esse
551 656 732 716 adjectivum
755 655 906 733 quoddam
929 655 1076 729 συλλέξιος
1096 658 1132 716 de

116 744 305 803 substantivo
329 736 502 824 σύλλεξιςῑ),
525 745 607 822 quod
624 748 659 804 ut
683 741 868 806 ‘conventus'
887 747 935 806 vel
958 745 1065 818 θίασις
1087 749 1132 804 in-

115 833 256 910 tellegas,
278 833 356 893 unde
380 831 529 905 συλλέξιος
556 837 592 894 ut
615 834 766 912 θιασώτης
789 835 837 894 vel
859 836 921 894 tale
945 834 1018 910 quid
1040 836 1131 896 inter-

115 923 250 998 preteris.
297 921 355 980 sed
391 922 447 982 hoc
483 942 586 982 verum
623 943 684 984 esse
720 925 771 983 vis
807 923 974 1000 credamus,
1010 929 1040 984 et
1071 925 1133 984 levi

115 1012 282 1070 mutatione
300 1011 485 1087 probabilem
504 1012 739 1071 emendationem
758 1012 891 1072 invenire
905 1013 1130 1073 frustraconat’

116 1118 226 1174 sumus,
250 1100 388 1175 quamvis
411 1101 506 1159 multa
528 1103 725 1176 tentaremus,
753 1120 830 1177 quae
858 1120 1029 1161 enumerare
1056 1103 1132 1161 nihil

115 1190 214 1248 refert.
261 1188 363 1248 Nihilo
395 1191 493 1249 minus
525 1193 591 1249 tota
621 1209 722 1249 versus
754 1193 903 1250 sententia
925 1190 1045 1250 videtur
1066 1211 1131 1267 per-

117 1278 220 1353 spicue
244 1295 314 1337 esse.
360 1278 439 1336 Nam
469 1297 536 1337 cum
566 1279 725 1337 obscurum
753 1280 829 1339 illud
859 1280 1038 1339 adiectIvum
1062 1297 1130 1340 συν-

116 1363 198 1439 λὲξιε,
217 1369 286 1425 utut
309 1366 525 1426 emendandum
543 1370 597 1442 est,
620 1386 738 1428 sensum
756 1370 818 1428 fere
836 1368 974 1428 habuisse
993 1369 1132 1429 adiectivi

115 1455 243 1514 alicuius
280 1457 370 1532 quale
407 1451 580 1533 ‘particeps’
613 1460 643 1516 et
680 1477 746 1517 cum
779 1459 916 1534 genetivo
953 1457 1132 1536 βοοκλοπίης

115 1544 292 1604 struendum
310 1563 372 1604 csse
391 1547 456 1603 veri
474 1545 611 1604 videatur
629 1547 823 1621 simillimum,
842 1547 918 1605 hanc
936 1547 994 1605 nisi
1013 1547 1131 1625 egregie

114 1633 249 1692 fallimur
283 1633 427 1694 habemus
464 1636 655 1694 sententiam:
696 1629 821 1711 ‘Mysto‚
857 1636 1006 1712 particeps
1041 1636 1133 1695 boum

114 1725 219 1798 raptus
242 1725 337 1797 patris
361 1718 493 1801 augusti'
516 1723 596 1799 quod
618 1724 698 1784 idem
717 1728 762 1784 est
781 1727 871 1801 atque
892 1719 1021 1784 ‘initiate
1040 1726 1132 1784 sacrIs

115 1806 264 1870 Mithree'.
287 1845 332 1853 —
354 1812 402 1871 An
438 1813 514 1872 latet
549 1814 581 1872 in
617 1815 673 1872 illa
708 1833 780 1873 voce
816 1815 1012 1890 imperativus
1049 1815 1133 1873 velut

115 1893 332 1983 ootloipliuvffl)
347 1893 441 1982 (quod
460 1903 588 1978 exempli
606 1904 705 1980 gratia
723 1903 909 1978 proferimus,
928 1922 987 1962 non
1007 1922 1066 1979 quo
1086 1900 1131 1963 sit

117 1989 268 2048 emendari
290 2009 376 2065 posse
400 1983 606 2071 censeamus)‘?

204 2078 298 2152 Paulo
321 2081 390 2155 post
415 2079 591 2154 Oocforioe
612 2081 684 2155 lepis
704 2082 847 2154 sapiendo
870 2085 1029 2140 commeato
1051 2082 1129 2160 lege·

115 2168 205 2227 batirr
227 2187 246 2226 a
267 2169 369 2228 Flacio
395 2172 425 2228 et
453 2169 614 2245 Bursian03
646 2170 790 2230 borboroc
819 2189 873 2245 pro
899 2171 1034 2243 nefariae
1057 2170 1132 2248 legit

114 2257 386 2332 Reifferscheidius,
419 2259 469 2317 sed
501 2259 675 2318 barbaricae
707 2258 894 2318 scribendum
928 2277 991 2318 esse
1013 2261 1132 2319 censuit

115 2345 262 2420 Halmius,
287 2341 367 2406 ‘nam
390 2349 530 2424 spatium,
554 2348 633 2424 quod
655 2347 770 2407 indicat
791 2347 912 2422 horona,
940 2350 1036 2408 mains
1065 2345 1130 2408 est'.

117 2435 204 2505 Quod
225 2438 305 2494 recte
329 2436 482 2510 conclusit,
501 2455 571 2496 nam
588 2456 643 2495 nos
661 2437 779 2496 litteras
802 2437 954 2509 barbarice
975 2438 1007 2496 in
1031 2437 1130 2497 codIce

115 2524 279 2583 certissime
303 2525 492 2600 disponimus

203 2612 294 2671 Initio
324 2615 391 2672 folii
422 2616 454 2673 5¹
477 2615 550 2674 olim
568 2615 637 2675 'snb
669 2615 767 2674 verbis
795 2634 869 2694 aa,
904 2615 1023 2691 scriptis
1056 2634 1131 2690 quoe

114 2705 232 2760 armatu
265 2703 353 2775 clipeo
385 2704 478 2763 lorica
510 2709 583 2764 lecta
614 2704 667 2764 has
699 2705 816 2764 litteras
849 2704 1045 2780 disponimus:
1077 2723 1131 2778 que

114 2795 233 2849 armata
257 2791 326 2850 clia.
354 2791 425 2851 tor...
452 2797 493 2852 tec
515 2786 605 2875 (Mus.
625 2793 717 2854 Rhen.
737 2792 790 2852 LX
816 2793 904 2864 279).
929 2794 1033 2852 deinde
1063 2797 1129 2853 cum

114 2879 317 2940 Friedrichius
339 2880 359 2938 l.
379 2899 402 2940 c.
422 2901 449 2957 p.
471 2883 490 2942 8
514 2883 625 2942 collato
649 2884 714 2944 loco
737 2883 866 2943 Macrob.
891 2882 952 2942 Sat.
971 2883 995 2957 I,
1018 2886 1067 2960 17,
1090 2887 1128 2943 16

114 2961 348 3050 (Eyssenhardt)
378 2971 517 3031 editionis
546 2973 690 3048 principis
719 2973 810 3033 verbe
836 2977 870 3032 ct
891 2976 1009 3032 armato
1032 2974 1129 3047 clypeo

114 3057 206 3116 lorica
236 3059 370 3119 ttoracoc
399 3060 500 3135 plodio
524 3065 549 3120 el
571 3062 656 3120 hasta
688 3063 784 3140 magis
818 3062 855 3121 sd
887 3080 950 3120 rem
981 3063 1130 3137 pertinere

114 3147 322 3223 contendisset,
346 3168 436 3225 quam
460 3167 538 3226 quae
561 3151 593 3208 in
616 3151 716 3209 codice
739 3153 854 3211 exstare
874 3151 1054 3224 viderentur,
1077 3150 1130 3208 du-

113 3234 276 3295 bitavimus
300 3230 384 3318 (ibid.
408 3258 437 3314 p.
461 3229 550 3318 419).
597 3239 639 3297 At
661 3239 769 3298 iterum
791 3239 856 3300 loco
880 3239 1040 3317 diligenter
1062 3256 1129 3297 exa-

113 3325 229 3384 minato
258 3345 313 3401 pro
342 3330 422 3386 certo
455 3326 604 3386 affirmare
636 3345 792 3402 possumus
821 3328 894 3388 haee
918 3327 1030 3403 scripta
1054 3344 1129 3387 esse:

204 3462 230 3529 1)
249 3477 421 3530 quamquam
439 3461 517 3514 alind
537 3461 604 3515 talis
627 3461 810 3516 derivationis
834 3461 994 3531 exemplum
1016 3463 1129 3530 praesto

114 3529 196 3585 nobis
214 3548 271 3584 non
290 3547 350 3586 csse
370 3532 541 3586 confitemur.

204 3605 230 3671 2)
249 3602 294 3657 vel
312 3602 407 3672 potius
426 3603 555 3669 sollcitae
574 3607 606 3658 ut
624 3607 721 3659 monet
739 3603 869 3658 Krollius.

166 3711 279 3751 Illrmlons
293 3711 411 3752 Maternus
425 3711 460 3752 ed.
474 3713 595 3761 zlegler.
954 3711 969 3747 θ
