2698 4068
600 215 615 275 ἓ
635 217 651 264 5
1030 209 1132 264 XXVII

223 378 317 453 igitur
349 376 385 434 de
416 377 462 435 hIs
495 377 581 437 locIs:
623 378 678 435 XV
704 380 721 437 5
761 380 852 438 esitus
884 381 1009 450 ficisque
1040 383 1132 436 vester

226 491 268 512 =
279 467 441 526 aaran?
455 466 541 524 XXII
552 469 571 525 4
582 467 716 527 dioboles
726 469 845 526 christos
854 485 922 526 scos
933 493 975 514 =
985 465 1130 526 eoo--o-?

223 554 355 613 XXVIII
380 560 418 614 11
452 557 535 614 cobis
567 557 747 629 respoudeat.
803 556 882 614 Ante
915 558 1087 632 sequentem
1116 575 1130 614 s

224 645 297 702 elisa
324 663 339 702 s
366 644 487 703 finiente
515 645 609 704 multo
637 646 744 704 meh'or
771 645 899 706 efficitur
927 645 1060 704 clausula
1084 647 1129 703 his

223 734 308 792 locIs:
345 732 470 792 XVII3
507 735 623 794 casibus
654 752 785 793 sermone
814 735 934 796 Graeco.
991 735 1128 794 XXVIss

223 824 317 894 operis
340 823 504 881 subuenite
528 828 576 881 est.
622 823 738 882 XXVII
757 826 777 880 4
802 827 879 882 ories
903 825 1084 896 subponitur.

184 955 190 968 .
223 911 350 969 Restant
363 912 482 988 singula
502 912 655 987 quaedam.
678 912 767 970 -XIlI
783 915 800 971 6
825 913 856 970 in
872 913 971 971 codice
986 913 1129 989 scriptum

223 1003 268 1059 est
291 1003 389 1074 etqui
412 1004 485 1074 opat
506 1018 557 1059 cos
580 1004 666 1074 quest
689 1003 731 1060 dii
754 1002 895 1069 eoteetcr,
921 1003 953 1060 at
976 1003 1007 1060 di
1029 1002 1129 1078 legen·-

223 1088 295 1148 dum
318 1107 380 1148 esse
403 1089 489 1148 docet
511 1090 676 1166 rhythmus
724 1090 869 1150 Similiter
892 1094 927 1148 ut
950 1091 1130 1166 monosylla—

223 1177 291 1236 bam
311 1179 393 1256 legas
411 1197 514 1238 rocem
532 1182 576 1239 rei
600 1180 664 1238 loeo
683 1179 738 1237 XX
759 1183 775 1237 7
801 1179 846 1238 Sit
858 1183 991 1254 forestem
1005 1181 1130 1252 fetieqee

223 1270 267 1325 rei
294 1267 432 1340 publicae
462 1272 491 1327 et
520 1269 597 1327 diem
626 1268 692 1327 loco
720 1268 807 1326 XVII
831 1271 849 1326 2
882 1269 1007 1330 otiorum
1033 1287 1131 1342 procae

224 1357 300 1414 diere
318 1359 411 1430 foetet
425 1383 466 1404 =
477 1388 666 1417 -o--o-ooo.
700 1357 785 1416 Unde
805 1358 896 1416 etiam
915 1357 989 1415 VIII
1004 1359 1024 1416 4
1039 1359 1129 1418 rerba

229 1447 327 1505 Unum
349 1449 446 1520 itaque
469 1464 484 1505 e
506 1449 618 1506 cereos
641 1448 727 1518 femie
750 1446 889 1506 videntur
916 1447 1041 1523 legenda
1065 1465 1129 1506 esse

222 1552 475 1610 =-w-roeoo,
498 1539 533 1594 ut
556 1537 668 1594 duobos
691 1536 864 1594 trochaeum
887 1536 1013 1612 expleat.

204 1623 353 1682 Discimus
373 1643 482 1701 magno
502 1624 703 1699 exemplorum
722 1643 844 1685 numero
868 1624 1003 1684 finientes
1023 1625 1128 1702 longas

115 1712 278 1771 Firmioum
297 1732 356 1771 non
375 1714 436 1771 iam
455 1717 489 1772 ut
507 1714 611 1790 longas
632 1718 685 1773 aut
704 1713 829 1773 sensisse
845 1717 898 1772 aut
912 1717 1129 1788 pronuntiasse,

114 1819 181 1860 cum
199 1804 263 1860 tam
282 1819 369 1877 saepe
390 1821 439 1861 eas
459 1803 605 1879 corripere
625 1822 685 1862 non
704 1805 744 1861 sit
763 1805 890 1877 veritus3
914 1803 994 1878 quod
1007 1803 1129 1862 minime

113 1891 222 1948 mirum
247 1892 364 1950 saeculo
387 1911 415 1967 p.
436 1890 503 1950 Chr.
523 1891 566 1949 IV
568 1940 574 1951 .

204 1978 315 2048 Quibus
353 1979 480 2056 denique
522 1981 656 2040 artificiis
694 1980 732 2039 ad
768 1981 939 2040 formandas
980 1980 1128 2040 clausulas

114 2068 259 2128 Firminus
292 2087 362 2128 usus
395 2072 443 2142 sit,
474 2071 559 2128 brevi
591 2088 724 2128 sermone
754 2072 999 2146 perstringamus.
1047 2069 1128 2138 Quae

114 2157 193 2216 enim
208 2157 357 2218 Ciceronis
376 2159 503 2218 artificia
522 2159 612 2218 fuisse
627 2158 800 2220 Wolifius
817 2161 850 2216 in
869 2161 1128 2218 commentationis

114 2247 321 2306 celeberrimae
345 2250 442 2324 capite
456 2247 500 2305 IV
524 2241 596 2326 (‘De
616 2248 756 2308 clausulis
773 2243 994 2323 Ciceronianis,
1019 2247 1127 2306 Annel.

113 2335 220 2396 Philol.
250 2336 353 2413 Suppl.
376 2337 488 2411 XXVI,
516 2357 544 2412 p.
566 2338 628 2397 602
645 2330 723 2418 sqq.)
747 2340 884 2396 accurate
913 2338 1061 2412 exposuit,
1089 2338 1127 2396 iis

114 2425 250 2484 omnibus
282 2425 343 2484 fere
367 2427 513 2485 Firmicus
546 2445 662 2502 quoque
694 2426 807 2501 passim
839 2444 909 2484 usus
937 2425 1061 2494 estiis,
1093 2429 1128 2484 ut

113 2514 224 2573 formas
244 2515 388 2589 quasdam
408 2516 548 2574 clausulis
566 2519 687 2591 praeter
702 2517 814 2574 ceteras
834 2519 920 2590 aptas
940 2515 978 2572 ad
996 2515 1128 2573 taedium

114 2604 286 2663 cumularet.
333 2603 435 2678 Atque
457 2606 489 2662 iu
512 2605 617 2680 primis
630 2659 632 2664 ,
646 2603 766 2680 quidem
790 2603 930 2662 ablativis
953 2606 985 2660 in
1009 2621 1075 2662 -oree
1098 2606 1128 2662 et

113 2693 259 2770 genetivis
295 2694 328 2750 in
368 2695 444 2752 -oeis
486 2693 658 2752 cadentibus
701 2685 745 2774 (et
786 2692 877 2751 semel
913 2693 1015 2751 dativo
1053 2695 1127 2751 oet:

113 2781 227 2840 XXVII
247 2783 281 2857 8,
308 2803 335 2840 1.
359 2803 387 2857 p.
411 2776 508 2852 XXV)
538 2782 575 2840 ad
604 2781 791 2843 efficiendum
818 2784 948 2857 primum
976 2782 1128 2841 clausulae

112 2872 286 2930 trochaeum
314 2863 489 2951 (velut12
523 2873 692 2945 copitctioec
723 2863 898 2951 sollicicitus)
928 2873 1055 2928 nimium
1082 2872 1127 2928 in-

113 2959 213 3018 dulsit.
266 2960 344 3019 Nam
376 2962 530 3038 octoginta
559 2979 609 3019 sex
644 2961 779 3036 exempla
813 2979 848 3018 ex
878 2961 993 3018 modico
1024 2960 1126 3019 libello

112 3050 293 3125 notavimus
317 3050 353 3107 cf.
372 3049 472 3124 Wolff,
495 3070 523 3124 p.
541 3051 602 3108 627
628 3052 659 3108 et
683 3051 756 3123 630,
783 3049 858 3107 Mus.
878 3049 970 3107 Rhen.
989 3049 1042 3108 LX
1062 3050 1126 3108 284

113 3142 144 3198 et
164 3140 236 3196 292.
269 3139 333 3197 Nec
351 3139 446 3197 multo
469 3141 567 3197 rarius
592 3138 715 3198 ablativi
740 3141 770 3197 et
788 3139 919 3216 genetivi
941 3138 973 3195 in
997 3143 1055 3196 -cte
1078 3138 1126 3196 vel

112 3229 183 3286 -otis
211 3227 348 3286 cadentes
372 3229 567 3287 inveniuntur
590 3220 687 3308 (velut
710 3227 763 3285 12
789 3231 930 3300 potestate
953 3218 1126 3308 contrario),

113 3335 239 3392 quorum
262 3317 482 3394 quinquaginta
510 3336 559 3375 sex
582 3317 812 3375 numeravimus.
858 3315 982 3375 Formae
1009 3318 1042 3374 in
1065 3333 1126 3374 -ore

111 3406 160 3464 vel
183 3408 255 3464 -oris
279 3405 425 3480 cadentes,
448 3406 532 3465 velut
555 3405 583 3463 V
602 3407 620 3463 2
645 3406 779 3478 squalore
802 3407 933 3479 demersi,
957 3405 1127 3481 quindecim

113 3497 238 3554 exstant.
266 3527 310 3536 -
339 3494 534 3554 Substantiva
560 3497 593 3552 in
616 3498 755 3553 -meutem
785 3494 922 3553 cadentia
950 3495 1127 3553 creberrima

112 3585 145 3642 in
169 3585 310 3643 clausulis
333 3587 403 3644 suut
422 3577 520 3665 (311),
545 3585 580 3642 cf.
599 3585 679 3644 locos
707 3584 739 3640 in
762 3583 859 3642 indice
884 3583 1009 3642 collatos
1033 3601 1054 3642 s.
1078 3603 1126 3643 11.
