2698 4068
584 247 599 307 ξ
616 247 640 296 ὁ.
655 249 671 296 6
1047 243 1138 297 XXXI

119 412 186 470 loco
210 429 276 469 eam
290 420 291 424 ’
305 411 455 469 clausulae
484 413 599 488 gratiae
628 411 793 470 adhibitam
820 429 890 486 esse,
914 431 981 470 cum
1005 416 1137 472 ceterum

120 519 237 576 semper
255 501 299 558 uel
317 499 449 574 dicatur3
472 501 637 575 particulae
655 497 692 559 uri
710 501 786 559 nihil
805 504 850 560 est
869 520 938 560 cum
961 495 1135 582 clausula).

208 589 402 648 Diversarum
434 588 565 648 eiusdem
596 591 677 649 vocis
710 590 873 648 formarum
910 590 947 648 ad
985 592 1136 650 clausulae

120 679 280 737 arbitrium
308 679 468 737 electarum
506 677 564 736 duo
597 679 819 738 observavimus
857 679 937 755 apud
973 681 1136 741 Firmioum

30 770 33 777 '
120 767 262 843 exempla.
308 767 344 825 In
376 766 453 826 libro
486 767 521 825 de
552 786 649 826 errore
673 767 829 826 variantur
850 769 963 829 formae
986 771 1137 828 uacuum

119 860 150 915 et
159 856 296 925 uinctum,
306 875 375 914 nam
390 856 478 914 XII8
495 859 635 932 scriptum
653 857 803 916 estu'mctu
814 859 954 916 sustinuit
963 884 1004 905 =
1016 889 1136 935 ,mour

119 946 172 1004 sed
185 945 269 1002 XXV
284 947 303 1003 4
318 945 434 1004 uinculo
447 948 616 1018 inoperetur
626 971 668 992 =
678 977 815 1005 -υ..υ.υ.
838 945 875 1004 In
890 947 1018 1006 Mathesi
1028 949 1134 1006 Firmi·

119 1053 170 1093 cus
194 1034 285 1092 semel
307 1035 405 1093 utitur
427 1035 523 1093 forma
545 1035 859 1109 inplicitus230,12:
887 1052 999 1110 semper
1020 1037 1134 1111 inplict-

118 1128 161 1183 tos
176 1149 218 1170 =
233 1154 285 1182 m-
295 1144 358 1196 ωῡ,
377 1141 444 1180 cum
459 1124 563 1182 ceteris
580 1115 905 1202 (duodequadraginta)
926 1125 999 1184 locis
1019 1144 1135 1203 semper

117 1213 214 1272 forma
232 1213 390 1286 inplicatus
413 1214 520 1288 exstet3
543 1212 622 1271 unde
640 1213 738 1272 locum
753 1213 789 1272 de
807 1233 862 1272 err.
876 1214 892 1271 Ι
907 1219 923 1272 1
946 1218 1134 1275 correximus.

207 1301 263 1359 His
294 1300 414 1375 quidem
443 1303 476 1359 in
507 1302 679 1360 universum
712 1303 867 1378 explicatis
898 1305 1063 1363 transimus
1096 1300 1189 1363 adtss

119 1390 311 1465 proferendas
348 1408 440 1449 novas
473 1391 627 1465 lectiones,
665 1410 739 1466 quas
776 1392 875 1450 codice
907 1392 1015 1451 iterum
1049 1411 1133 1453 accu-

116 1479 266 1538 ratissime
289 1481 424 1553 inspecto
448 1479 521 1539 locis
545 1479 643 1538 adbuc
665 1481 753 1555 plane
777 1481 909 1540 obscuris
933 1482 1073 1558 eruimus,
1104 1487 1134 1542 et

117 1568 156 1628 ad
178 1569 404 1644 pertractandos
429 1568 574 1642 quosdam
596 1569 689 1641 locos,
714 1569 823 1644 quibus
847 1569 1035 1646 diligentiore
1059 1590 1132 1647 opus

117 1661 162 1716 est
193 1657 450 1732 interpretatione,
489 1676 579 1733 quam
611 1677 687 1733 quae
719 1658 774 1717 sub
806 1662 890 1718 textu
928 1659 998 1717 addi
1028 1661 1133 1737 possit.

117 1747 215 1806 Solius
238 1746 305 1806 folii
326 1749 364 1805 1v
382 1747 473 1804 verba
493 1765 546 1805 suo
564 1746 629 1805 loco
648 1748 743 1806 fusius
767 1747 979 1807 enarrabimus.
1016 1749 1133 1808 Minora

115 1839 226 1908 tamen,
245 1836 328 1894 velut
347 1835 426 1910 quod
444 1835 505 1894 Π3
520 1839 643 1910 fuerunt
661 1839 758 1895 exstat
775 1838 808 1894 in
826 1837 934 1912 codice,
947 1837 1000 1896 ubi
1013 1840 1135 1911 fumant

116 1924 194 1984 falso
217 1924 374 2002 legebatur
397 1945 415 1982 a
437 1925 539 1984 Flauio
563 1926 711 1984 Bursiano
734 1924 891 2004 Lorenzio,
920 1927 1135 1986 emendabatur

116 2032 134 2070 a
157 2014 314 2088 Bursiano,
338 2013 391 2072 sub
415 2017 501 2073 textu
523 2013 654 2072 breviter
676 2013 834 2074 adnotasse
857 2017 931 2073 satis
949 2015 1133 2075 habebimus.

115 2102 209 2178 quue
232 2121 401 2176 monemus,
426 2103 596 2178 ubicunque
625 2102 669 2160 nil
698 2102 733 2161 de
761 2103 798 2163 iis
821 2103 998 2163 lectionibus
1021 2123 1132 2163 memo·

115 2193 209 2266 natm,
233 2210 307 2267 quas
332 2192 404 2251 olim
428 2185 516 2273 (Mus.
540 2192 633 2250 Rhen.
657 2190 709 2249 LX
734 2193 797 2251 273
822 2193 897 2268 sqq.)
921 2193 1034 2268 publici
1056 2194 1133 2253 iuris

115 2281 247 2354 fecimus,
271 2281 314 2340 ibi
337 2299 387 2340 eas
405 2281 515 2339 iterum
530 2280 672 2359 ‚diligenti
695 2281 828 2340 examine
846 2281 950 2340 habito
969 2283 1134 2342 certissime

116 2369 304 2430 confirmatas
328 2389 398 2428 esse.
596 2421 598 2424 .
793 2359 798 2371 ⁸

205 2458 275 2535 Oap.
290 2458 317 2513 V
329 2463 351 2517 2
367 2461 399 2517 in
413 2477 502 2517 versu
515 2458 675 2517 Mithriaco
696 2458 791 2518 adhuc
814 2459 965 2518 ferebatur
984 2460 1131 2536 scriptum

115 2565 178 2607 esse
210 2549 242 2606 in
270 2547 372 2607 codice
397 2540 523 2628 (Μύστα
550 2538 743 2628 denticulus)
769 2543 982 2607 (ΥΝΔΕΞΙΕ
1006 2541 1131 2629 (πατρὸς

114 2629 256 2717 ἀγαυοῦ),
280 2637 360 2712 quod
382 2639 414 2695 in
437 2632 483 2694 υἱὲ
508 2633 581 2707 δέξιε
605 2637 733 2695 correxit
750 2638 923 2711 Bursianus,
951 2639 1035 2696 cuius
1062 2657 1131 2697 con-

112 2727 259 2784 iecturam
281 2725 421 2802 probavit
444 2724 593 2784 dumont
616 2719 738 2804 (Testes
761 2729 791 2786 et
808 2725 997 2786 Monuments
1020 2721 1131 2806 figure's

113 2931 115 2936 ’
204 2915 230 2982 1)
249 2912 386 2965 Addimus
402 2928 474 2980 quac
492 2911 637 2966 Minucii
656 2909 783 2968 Felicis
804 2912 947 2967 Octavio
964 2931 1053 2983 nuper
1066 2932 1129 2983 per—

112 2983 187 3038 lecto
207 2983 241 3037 de
261 2983 423 3038 vocularum
441 3001 491 3052 quc
510 2986 539 3038 et
557 2991 637 3053 atquc
655 3003 708 3038 usu
726 2985 898 3039 notavimus:

274 3073 324 3124 quc
342 3054 373 3108 in
392 3054 518 3109 clausula
596 3061 629 3108 23
648 3056 718 3110 locis
733 3083 766 3100 =
783 3062 825 3124 71,
836 3056 886 3128 9⁰s,

274 3144 324 3195 quc
343 3129 422 3180 extra
440 3125 596 3180 clausulam
616 3131 630 3180 9
669 3168 684 3194 ,,
732 3154 766 3173 =
782 3129 886 3198 28,1⁰s,

114 3196 168 3250 Sed
182 3195 265 3250 valde
279 3197 442 3251 dubitamus
457 3214 493 3251 an
508 3197 595 3250 etiam
608 3216 635 3267 p.
647 3202 672 3265 ὁ,
683 3203 698 3251 6
710 3198 822 3268 (Halm).
844 3205 885 3266 12,
897 3204 921 3252 2.
937 3204 979 3265 ab,
991 3204 1032 3252 13.
1049 3204 1126 3266 30,1.

113 3272 156 3336 46,
167 3274 200 3321 25
220 3268 361 3322 clausulae
376 3286 427 3338 quc
439 3268 645 3336 quodammodo
660 3269 770 3323 serviat.
801 3271 950 3324 Restarent
963 3272 1031 3323 tunc
1044 3286 1127 3324 rocu-

112 3339 157 3394 lac
174 3357 224 3410 que
243 3341 320 3393 extra
339 3339 494 3394 clausulam
512 3343 664 3410 usurpatae
682 3341 809 3410 exempla
826 3343 959 3409 quattuor
970 3369 1001 3386 =
1013 3341 1126 3414 12,o⁰f,.

202 3418 282 3481 utque
301 3414 366 3466 ante
385 3428 496 3467 consen.
512 3411 543 3465 in
561 3410 687 3466 clausula
775 3418 790 3465 6
808 3412 878 3466 locis
893 3439 927 3458 =
943 3413 1010 3484 76⁰s,

201 3489 280 3552 atquc
317 3525 334 3550 „
425 3526 441 3552 ,‚
510 3485 588 3538 extra
603 3482 787 3538 clausulam2
824 3525 842 3551 „
894 3486 1008 3556 225170

100 3551 167 3622 §ed
185 3558 229 3619 47,
245 3560 279 3608 14
297 3554 417 3609 fortasse
436 3554 563 3609 clausula
582 3555 733 3610 statuenda
751 3557 802 3622 cst,
821 3558 853 3608 ut
867 3571 953 3608 unum
968 3554 1125 3625 exemplum

112 3627 167 3692 (31,
183 3627 226 3695 11)
245 3626 374 3695 supersit.
412 3626 453 3681 De
471 3626 595 3681 mobis
614 3626 684 3681 alibi
704 3643 826 3696 agemus.
