<?xml version="1.0" encoding="UTF-8"?>
<!DOCTYPE html PUBLIC "-//W3C//DTD XHTML 1.0 Transitional//EN"
    "http://www.w3.org/TR/xhtml1/DTD/xhtml1-transitional.dtd">
<html xmlns="http://www.w3.org/1999/xhtml" xml:lang="en" lang="en">
 <head>
  <title>
</title>
<meta http-equiv="Content-Type" content="text/html;charset=utf-8" />
  <meta name='ocr-system' content='tesseract 3.04.00' />
  <meta name='ocr-capabilities' content='ocr_page ocr_carea ocr_par ocr_line ocrx_word'/>
</head>
<body>
  <div class='ocr_page' id='page_1' title='image "./iulifirmicimate01zieggoog_0073.png"; bbox 0 0 2698 4068; ppageno 0'>
   <div class='ocr_carea' id='block_1_1' title="bbox 239 235 900 300">
    <p class='ocr_par' dir='ltr' id='par_1_1' title="bbox 239 235 900 300">
     <span class='ocr_line' id='line_1_1' title="bbox 239 235 900 300; baseline 0 -10"><span class='ocrx_word' id='word_1_1' title='bbox 239 235 279 300; x_wconf 86' lang='lat'><strong>18</strong></span> <span class='ocrx_word' id='word_1_2' title='bbox 576 235 713 291; x_wconf 70' lang='lat' dir='ltr'><strong>rnersscl</strong></span> <span class='ocrx_word' id='word_1_3' title='bbox 731 236 900 291; x_wconf 70' lang='grc' dir='ltr'>ΜἈΤΕΗΝΙ</span> 
     </span>
    </p>
   </div>
   <div class='ocr_carea' id='block_1_2' title="bbox 137 405 1335 2265">
    <p class='ocr_par' dir='ltr' id='par_1_2' title="bbox 137 405 1252 572">
     <span class='ocr_line' id='line_1_2' title="bbox 234 405 1250 484; baseline 0 -21"><span class='ocrx_word' id='word_1_4' title='bbox 234 407 315 464; x_wconf 91' lang='lat' dir='ltr'><strong>enim</strong></span> <span class='ocrx_word' id='word_1_5' title='bbox 346 424 412 463; x_wconf 90' lang='lat' dir='ltr'><strong>eum</strong></span> <span class='ocrx_word' id='word_1_6' title='bbox 443 407 538 464; x_wconf 89' lang='lat' dir='ltr'><strong>secuti</strong></span> <span class='ocrx_word' id='word_1_7' title='bbox 566 409 638 465; x_wconf 88' lang='lat' dir='ltr'><strong>sunt</strong></span> <span class='ocrx_word' id='word_1_8' title='bbox 667 408 836 482; x_wconf 84' lang='lat' dir='ltr'><strong>stuprorum</strong></span> <span class='ocrx_word' id='word_1_9' title='bbox 866 409 898 464; x_wconf 90' lang='lat' dir='ltr'><strong>et</strong></span> <span class='ocrx_word' id='word_1_10' title='bbox 920 405 1104 484; x_wconf 81' lang='lat' dir='ltr'><strong>flagitiorum</strong></span> <span class='ocrx_word' id='word_1_11' title='bbox 1123 425 1162 465; x_wconf 41' lang='lat' dir='ltr'><strong>,ac</strong></span> <span class='ocrx_word' id='word_1_12' title='bbox 1184 405 1250 465; x_wconf 85' lang='lat' dir='ltr'><strong>libi-</strong></span> 
     </span>
     <span class='ocr_line' id='line_1_3' title="bbox 137 489 1252 572; baseline 0.003 -23"><span class='ocrx_word' id='word_1_13' title='bbox 137 494 340 554; x_wconf 66' lang='lat' dir='ltr'><strong>J01⁷rdinum</strong></span> <span class='ocrx_word' id='word_1_14' title='bbox 363 494 491 553; x_wconf 90' lang='lat' dir='ltr'><strong>socii-</strong></span> <span class='ocrx_word' id='word_1_15' title='bbox 507 513 560 572; x_wconf 88' lang='lat' dir='ltr'><strong>per</strong></span> <span class='ocrx_word' id='word_1_16' title='bbox 582 514 682 555; x_wconf 87' lang='lat' dir='ltr'><strong>ornnes</strong></span> <span class='ocrx_word' id='word_1_17' title='bbox 707 513 773 554; x_wconf 85' lang='lat' dir='ltr'><strong>oras</strong></span> <span class='ocrx_word' id='word_1_18' title='bbox 796 495 888 554; x_wconf 87' lang='lat' dir='ltr'><strong>vicini</strong></span> <span class='ocrx_word' id='word_1_19' title='bbox 905 495 1001 554; x_wconf 86' lang='lat' dir='ltr'><strong>maris</strong></span> <span class='ocrx_word' id='word_1_20' title='bbox 1022 489 1026 571; x_wconf 90' lang='grc' dir='ltr'>Ι</span> <span class='ocrx_word' id='word_1_21' title='bbox 1048 513 1113 552; x_wconf 85' lang='lat' dir='ltr'><strong>curn</strong></span> <span class='ocrx_word' id='word_1_22' title='bbox 1137 513 1252 556; x_wconf 87' lang='lat' dir='ltr'><strong>summa</strong></span> 
     </span>
    </p>

    <p class='ocr_par' dir='ltr' id='par_1_3' title="bbox 201 583 1251 750">
     <span class='ocr_line' id='line_1_4' title="bbox 201 583 1251 660; baseline 0.005 -22"><span class='ocrx_word' id='word_1_23' title='bbox 201 589 217 638; x_wconf 87' lang='lat'>8</span> <span class='ocrx_word' id='word_1_24' title='bbox 236 583 435 659; x_wconf 75' lang='lat' dir='ltr'><strong>trepidatione</strong></span> <span class='ocrx_word' id='word_1_25' title='bbox 453 583 664 659; x_wconf 85' lang='lat' dir='ltr'><strong>disperationis</strong></span> <span class='ocrx_word' id='word_1_26' title='bbox 683 585 802 643; x_wconf 86' lang='lat' dir='ltr'><strong>erravit.</strong></span> <span class='ocrx_word' id='word_1_27' title='bbox 838 584 906 643; x_wconf 89' lang='lat' dir='ltr'><strong>Illic</strong></span> <span class='ocrx_word' id='word_1_28' title='bbox 923 585 1003 643; x_wconf 88' lang='lat' dir='ltr'><strong>inter</strong></span> <span class='ocrx_word' id='word_1_29' title='bbox 1017 583 1118 643; x_wconf 85' lang='lat' dir='ltr'><strong>ebrias</strong></span> <span class='ocrx_word' id='word_1_30' title='bbox 1136 585 1251 660; x_wconf 89' lang='lat' dir='ltr'><strong>puellas</strong></span> 
     </span>
     <span class='ocr_line' id='line_1_5' title="bbox 237 672 1251 750; baseline 0 -18"><span class='ocrx_word' id='word_1_31' title='bbox 237 675 267 732; x_wconf 90' lang='lat' dir='ltr'><strong>et</strong></span> <span class='ocrx_word' id='word_1_32' title='bbox 284 673 453 732; x_wconf 82' lang='lat' dir='ltr'><strong>vinolentos</strong></span> <span class='ocrx_word' id='word_1_33' title='bbox 473 691 564 748; x_wconf 82' lang='lat' dir='ltr'><strong>senes,</strong></span> <span class='ocrx_word' id='word_1_34' title='bbox 588 692 655 732; x_wconf 89' lang='lat' dir='ltr'><strong>cum</strong></span> <span class='ocrx_word' id='word_1_35' title='bbox 674 672 770 732; x_wconf 88' lang='lat' dir='ltr'><strong>adhuc</strong></span> <span class='ocrx_word' id='word_1_36' title='bbox 789 692 857 731; x_wconf 90' lang='lat' dir='ltr'><strong>eum</strong></span> <span class='ocrx_word' id='word_1_37' title='bbox 876 674 1019 733; x_wconf 86' lang='lat' dir='ltr'><strong>scelerum</strong></span> <span class='ocrx_word' id='word_1_38' title='bbox 1037 692 1148 750; x_wconf 84' lang='lat' dir='ltr'><strong>pompa</strong></span> <span class='ocrx_word' id='word_1_39' title='bbox 1167 691 1251 748; x_wconf 87' lang='lat' dir='ltr'><strong>prae-</strong></span> 
     </span>
    </p>

    <p class='ocr_par' dir='ltr' id='par_1_4' title="bbox 209 761 1293 1282">
     <span class='ocr_line' id='line_1_6' title="bbox 209 761 1292 840; baseline 0.002 -19"><span class='ocrx_word' id='word_1_40' title='bbox 209 818 211 821; x_wconf 86' lang='lat'>.</span> <span class='ocrx_word' id='word_1_41' title='bbox 237 761 366 836; x_wconf 88' lang='lat' dir='ltr'><strong>cederet,</strong></span> <span class='ocrx_word' id='word_1_42' title='bbox 398 762 475 820; x_wconf 92' lang='lat' dir='ltr'><strong>alter</strong></span> <span class='ocrx_word' id='word_1_43' title='bbox 504 763 590 839; x_wconf 84' lang='lat' dir='ltr'><strong>nigro</strong></span> <span class='ocrx_word' id='word_1_44' title='bbox 621 763 734 821; x_wconf 86' lang='lat' dir='ltr'><strong>amictu</strong></span> <span class='ocrx_word' id='word_1_45' title='bbox 764 764 873 836; x_wconf 86' lang='lat' dir='ltr'><strong>taeter,</strong></span> <span class='ocrx_word' id='word_1_46' title='bbox 904 762 983 821; x_wconf 86' lang='lat' dir='ltr'><strong>alter</strong></span> <span class='ocrx_word' id='word_1_47' title='bbox 1012 765 1131 821; x_wconf 89' lang='lat' dir='ltr'><strong>ostenso</strong></span> <span class='ocrx_word' id='word_1_48' title='bbox 1154 781 1250 840; x_wconf 85' lang='lat' dir='ltr'><strong>angue</strong></span> <span class='ocrx_word' id='word_1_49' title='bbox 1280 783 1292 823; x_wconf 83' lang='lat' dir='ltr'><strong>s</strong></span> 
     </span>
     <span class='ocr_line' id='line_1_7' title="bbox 235 850 1251 928; baseline 0 -18"><span class='ocrx_word' id='word_1_50' title='bbox 235 850 393 924; x_wconf 86' lang='lat' dir='ltr'><strong>terribilis,</strong></span> <span class='ocrx_word' id='word_1_51' title='bbox 424 852 501 908; x_wconf 84' lang='lat' dir='ltr'><strong>alter</strong></span> <span class='ocrx_word' id='word_1_52' title='bbox 530 854 669 911; x_wconf 88' lang='lat' dir='ltr'><strong>cruentus</strong></span> <span class='ocrx_word' id='word_1_53' title='bbox 701 870 751 910; x_wconf 93' lang='lat' dir='ltr'><strong>ore</strong></span> <span class='ocrx_word' id='word_1_54' title='bbox 782 851 852 910; x_wconf 90' lang='lat' dir='ltr'><strong>dum</strong></span> <span class='ocrx_word' id='word_1_55' title='bbox 883 853 953 910; x_wconf 85' lang='lat' dir='ltr'><strong>viva</strong></span> <span class='ocrx_word' id='word_1_56' title='bbox 976 851 1096 928; x_wconf 87' lang='lat' dir='ltr'><strong>pecodis</strong></span> <span class='ocrx_word' id='word_1_57' title='bbox 1119 851 1251 910; x_wconf 89' lang='lat' dir='ltr'><strong>membra</strong></span> 
     </span>
     <span class='ocr_line' id='line_1_8' title="bbox 237 937 1252 1016; baseline 0.001 -18"><span class='ocrx_word' id='word_1_58' title='bbox 237 940 392 1014; x_wconf 78' lang='lat' dir='ltr'><strong>discerpit,</strong></span> <span class='ocrx_word' id='word_1_59' title='bbox 424 959 442 998; x_wconf 92' lang='lat' dir='ltr'><strong>a</strong></span> <span class='ocrx_word' id='word_1_60' title='bbox 464 937 603 1016; x_wconf 83' lang='lat' dir='ltr'><strong>Lycurgo</strong></span> <span class='ocrx_word' id='word_1_61' title='bbox 634 941 852 1015; x_wconf 84' lang='lat' dir='ltr'><strong>conprehensus</strong></span> <span class='ocrx_word' id='word_1_62' title='bbox 875 959 929 1016; x_wconf 87' lang='lat' dir='ltr'><strong>per</strong></span> <span class='ocrx_word' id='word_1_63' title='bbox 950 942 1117 1016; x_wconf 83' lang='lat' dir='ltr'><strong>proximam</strong></span> <span class='ocrx_word' id='word_1_64' title='bbox 1139 959 1252 1016; x_wconf 83' lang='lat' dir='ltr'><strong>rupem,</strong></span> 
     </span>
     <span class='ocr_line' id='line_1_9' title="bbox 238 1029 1251 1105; baseline 0.002 -19"><span class='ocrx_word' id='word_1_65' title='bbox 238 1048 314 1104; x_wconf 90' lang='lat' dir='ltr'><strong>qnae</strong></span> <span class='ocrx_word' id='word_1_66' title='bbox 337 1031 506 1088; x_wconf 88' lang='lat' dir='ltr'><strong>inmensum</strong></span> <span class='ocrx_word' id='word_1_67' title='bbox 527 1029 738 1105; x_wconf 84' lang='lat' dir='ltr'><strong>praecipitium</strong></span> <span class='ocrx_word' id='word_1_68' title='bbox 762 1031 840 1088; x_wconf 86' lang='lat' dir='ltr'><strong>saxis</strong></span> <span class='ocrx_word' id='word_1_69' title='bbox 864 1029 954 1088; x_wconf 87' lang='lat' dir='ltr'><strong>inviis</strong></span> <span class='ocrx_word' id='word_1_70' title='bbox 977 1029 1097 1103; x_wconf 87' lang='lat' dir='ltr'><strong>fecerat,</strong></span> <span class='ocrx_word' id='word_1_71' title='bbox 1120 1031 1152 1088; x_wconf 90' lang='lat' dir='ltr'><strong>in</strong></span> <span class='ocrx_word' id='word_1_72' title='bbox 1170 1049 1251 1088; x_wconf 86' lang='lat' dir='ltr'><strong>mare</strong></span> 
     </span>
     <span class='ocr_line' id='line_1_10' title="bbox 236 1117 1250 1195; baseline 0 -19"><span class='ocrx_word' id='word_1_73' title='bbox 236 1119 464 1195; x_wconf 86' lang='lat' dir='ltr'><strong>praecipitatur,</strong></span> <span class='ocrx_word' id='word_1_74' title='bbox 501 1122 536 1176; x_wconf 88' lang='lat' dir='ltr'><strong>ut</strong></span> <span class='ocrx_word' id='word_1_75' title='bbox 566 1118 696 1177; x_wconf 86' lang='lat' dir='ltr'><strong>lacerum</strong></span> <span class='ocrx_word' id='word_1_76' title='bbox 729 1136 835 1195; x_wconf 87' lang='lat' dir='ltr'><strong>corpus</strong></span> <span class='ocrx_word' id='word_1_77' title='bbox 867 1120 992 1177; x_wconf 88' lang='lat' dir='ltr'><strong>marinis</strong></span> <span class='ocrx_word' id='word_1_78' title='bbox 1025 1117 1076 1176; x_wconf 89' lang='lat' dir='ltr'><strong>diu</strong></span> <span class='ocrx_word' id='word_1_79' title='bbox 1106 1119 1250 1178; x_wconf 85' lang='lat' dir='ltr'><strong>iactatam</strong></span> 
     </span>
     <span class='ocr_line' id='line_1_11' title="bbox 235 1207 1293 1282; baseline 0.004 -18"><span class='ocrx_word' id='word_1_80' title='bbox 235 1207 373 1265; x_wconf 85' lang='lat' dir='ltr'><strong>fluctibus</strong></span> <span class='ocrx_word' id='word_1_81' title='bbox 406 1208 571 1265; x_wconf 79' lang='lat' dir='ltr'><strong>errantium</strong></span> <span class='ocrx_word' id='word_1_82' title='bbox 605 1207 785 1282; x_wconf 89' lang='lat' dir='ltr'><strong>populorum</strong></span> <span class='ocrx_word' id='word_1_83' title='bbox 821 1208 936 1266; x_wconf 88' lang='lat' dir='ltr'><strong>animos</strong></span> <span class='ocrx_word' id='word_1_84' title='bbox 969 1207 1008 1266; x_wconf 89' lang='lat' dir='ltr'><strong>ad</strong></span> <span class='ocrx_word' id='word_1_85' title='bbox 1042 1209 1180 1267; x_wconf 82' lang='lat' dir='ltr'><strong>sanitatis</strong></span> <span class='ocrx_word' id='word_1_86' title='bbox 1217 1226 1252 1266; x_wconf 90' lang='lat' dir='ltr'><strong>ao</strong></span> <span class='ocrx_word' id='word_1_87' title='bbox 1266 1230 1293 1268; x_wconf 86' lang='grc' dir='ltr'><strong>ιο</strong></span> 
     </span>
    </p>

    <p class='ocr_par' dir='ltr' id='par_1_5' title="bbox 171 1294 1250 1553">
     <span class='ocr_line' id='line_1_12' title="bbox 171 1294 1250 1358; baseline -0.005 0"><span class='ocrx_word' id='word_1_88' title='bbox 171 1308 217 1358; x_wconf 82' lang='lat'><em>(8⁶)</em></span> <span class='ocrx_word' id='word_1_89' title='bbox 236 1296 407 1355; x_wconf 76' lang='lat' dir='ltr'><strong>sobrietatis</strong></span> <span class='ocrx_word' id='word_1_90' title='bbox 454 1294 587 1354; x_wconf 86' lang='lat' dir='ltr'><strong>ordinem</strong></span> <span class='ocrx_word' id='word_1_91' title='bbox 636 1315 740 1356; x_wconf 85' lang='lat' dir='ltr'><strong>severo</strong></span> <span class='ocrx_word' id='word_1_92' title='bbox 788 1296 1044 1356; x_wconf 87' lang='lat' dir='ltr'><strong>animadversione</strong></span> <span class='ocrx_word' id='word_1_93' title='bbox 1090 1300 1250 1355; x_wconf 86' lang='lat' dir='ltr'><strong>revocaret.</strong></span> 
     </span>
     <span class='ocr_line' id='line_1_13' title="bbox 236 1383 1249 1463; baseline 0.001 -20"><span class='ocrx_word' id='word_1_94' title='bbox 236 1384 323 1444; x_wconf 89' lang='lat' dir='ltr'><strong>Hunc</strong></span> <span class='ocrx_word' id='word_1_95' title='bbox 346 1384 434 1444; x_wconf 88' lang='lat' dir='ltr'><strong>finem</strong></span> <span class='ocrx_word' id='word_1_96' title='bbox 457 1383 558 1444; x_wconf 87' lang='lat' dir='ltr'><strong>Liberi</strong></span> <span class='ocrx_word' id='word_1_97' title='bbox 576 1384 724 1444; x_wconf 88' lang='lat' dir='ltr'><strong>Homerus</strong></span> <span class='ocrx_word' id='word_1_98' title='bbox 747 1389 782 1444; x_wconf 92' lang='lat' dir='ltr'><strong>ut</strong></span> <span class='ocrx_word' id='word_1_99' title='bbox 805 1388 835 1445; x_wconf 90' lang='lat' dir='ltr'><strong>et</strong></span> <span class='ocrx_word' id='word_1_100' title='bbox 852 1386 958 1463; x_wconf 81' lang='lat' dir='ltr'><strong>fagani</strong></span> <span class='ocrx_word' id='word_1_101' title='bbox 973 1389 1003 1445; x_wconf 90' lang='lat' dir='ltr'><strong>et</strong></span> <span class='ocrx_word' id='word_1_102' title='bbox 1021 1385 1249 1461; x_wconf 83' lang='lat' dir='ltr'><strong>trepidationem</strong></span> 
     </span>
     <span class='ocr_line' id='line_1_14' title="bbox 236 1475 936 1553; baseline 0 -20"><span class='ocrx_word' id='word_1_103' title='bbox 236 1475 396 1553; x_wconf 85' lang='lat' dir='ltr'><strong>detegeret,</strong></span> <span class='ocrx_word' id='word_1_104' title='bbox 419 1478 449 1533; x_wconf 89' lang='lat' dir='ltr'><strong>et</strong></span> <span class='ocrx_word' id='word_1_105' title='bbox 472 1478 507 1533; x_wconf 90' lang='lat' dir='ltr'><strong>ut</strong></span> <span class='ocrx_word' id='word_1_106' title='bbox 530 1475 698 1534; x_wconf 88' lang='lat' dir='ltr'><strong>ostenderet</strong></span> <span class='ocrx_word' id='word_1_107' title='bbox 720 1476 855 1548; x_wconf 89' lang='lat' dir='ltr'><strong>mortem,</strong></span> <span class='ocrx_word' id='word_1_108' title='bbox 880 1477 936 1533; x_wconf 83' lang='lat' dir='ltr'><strong>eit:</strong></span> 
     </span>
    </p>

    <p class='ocr_par' dir='ltr' id='par_1_6' title="bbox 202 1559 1292 1907">
     <span class='ocr_line' id='line_1_15' title="bbox 556 1559 932 1642; baseline 0 -20"><span class='ocrx_word' id='word_1_109' title='bbox 556 1562 713 1634; x_wconf 81' lang='grc' dir='ltr'><strong><em>Διώνυσος</em></strong></span> <span class='ocrx_word' id='word_1_110' title='bbox 733 1559 764 1623; x_wconf 76' lang='grc' dir='ltr'><strong>δὲ</strong></span> <span class='ocrx_word' id='word_1_111' title='bbox 782 1561 932 1642; x_wconf 77' lang='grc' dir='ltr'><strong><em>φοβηθεὶς</em></strong></span> 
     </span>
     <span class='ocr_line' id='line_1_16' title="bbox 317 1646 1292 1737; baseline 0.002 -27"><span class='ocrx_word' id='word_1_112' title='bbox 317 1651 407 1711; x_wconf 73' lang='lat' dir='ltr'><strong>doceo</strong></span> <span class='ocrx_word' id='word_1_113' title='bbox 429 1649 499 1723; x_wconf 72' lang='grc' dir='ltr'><strong>ἁλὸς</strong></span> <span class='ocrx_word' id='word_1_114' title='bbox 518 1650 595 1711; x_wconf 70' lang='lat' dir='ltr'><strong>oreada</strong></span> <span class='ocrx_word' id='word_1_115' title='bbox 617 1660 711 1727; x_wconf 81' lang='grc' dir='ltr'><strong><em>κῦμα·</em></strong></span> <span class='ocrx_word' id='word_1_116' title='bbox 737 1650 820 1724; x_wconf 81' lang='grc' dir='ltr'><em>Θέτις</em></span> <span class='ocrx_word' id='word_1_117' title='bbox 838 1646 867 1711; x_wconf 89' lang='lat' dir='ltr'><strong>d’</strong></span> <span class='ocrx_word' id='word_1_118' title='bbox 893 1649 1053 1724; x_wconf 75' lang='grc' dir='ltr'><strong><em>ὑπεδέξατο</em></strong></span> <span class='ocrx_word' id='word_1_119' title='bbox 1076 1650 1175 1737; x_wconf 76' lang='grc' dir='ltr'><strong><em>κόλπῳ</em></strong></span> <span class='ocrx_word' id='word_1_120' title='bbox 1266 1674 1292 1712; x_wconf 82' lang='grc' dir='ltr'><strong>ιι</strong></span> 
     </span>
     <span class='ocr_line' id='line_1_17' title="bbox 317 1737 1188 1826; baseline -0.001 -26"><span class='ocrx_word' id='word_1_121' title='bbox 317 1739 457 1802; x_wconf 75' lang='grc' dir='ltr'><em>δειδιότα·</em></span> <span class='ocrx_word' id='word_1_122' title='bbox 481 1739 619 1821; x_wconf 79' lang='grc' dir='ltr'><strong><em>κρατερὸς</em></strong></span> <span class='ocrx_word' id='word_1_123' title='bbox 641 1739 696 1820; x_wconf 79' lang='grc' dir='ltr'><strong>γὰρ</strong></span> <span class='ocrx_word' id='word_1_124' title='bbox 721 1739 783 1819; x_wconf 69' lang='grc' dir='ltr'><em>ἔχει)</em></span> <span class='ocrx_word' id='word_1_125' title='bbox 806 1741 913 1819; x_wconf 84' lang='grc' dir='ltr'><strong><em>τρόμος</em></strong></span> <span class='ocrx_word' id='word_1_126' title='bbox 936 1739 1045 1819; x_wconf 75' lang='grc' dir='ltr'><strong><em>ἀνδρὸς</em></strong></span> <span class='ocrx_word' id='word_1_127' title='bbox 1069 1737 1188 1826; x_wconf 73' lang='grc' dir='ltr'><strong><em>ὁμοκλῇ.</em></strong></span> 
     </span>
     <span class='ocr_line' id='line_1_18' title="bbox 202 1829 1252 1907; baseline 0.003 -21"><span class='ocrx_word' id='word_1_128' title='bbox 202 1830 378 1889; x_wconf 82' lang='lat' dir='ltr'><strong>91mitatur</strong></span> <span class='ocrx_word' id='word_1_129' title='bbox 397 1833 429 1888; x_wconf 92' lang='lat' dir='ltr'><strong>te</strong></span> <span class='ocrx_word' id='word_1_130' title='bbox 453 1829 588 1907; x_wconf 86' lang='lat' dir='ltr'><strong>Lycurge</strong></span> <span class='ocrx_word' id='word_1_131' title='bbox 608 1833 638 1888; x_wconf 91' lang='lat' dir='ltr'><strong>et</strong></span> <span class='ocrx_word' id='word_1_132' title='bbox 655 1831 788 1890; x_wconf 84' lang='lat' dir='ltr'><strong>sobrium</strong></span> <span class='ocrx_word' id='word_1_133' title='bbox 810 1832 982 1890; x_wconf 89' lang='lat' dir='ltr'><strong>institutum</strong></span> <span class='ocrx_word' id='word_1_134' title='bbox 1006 1832 1091 1889; x_wconf 83' lang='lat' dir='ltr'><strong>tuum</strong></span> <span class='ocrx_word' id='word_1_135' title='bbox 1110 1831 1252 1906; x_wconf 85' lang='lat' dir='ltr'><strong>sequitur,</strong></span> 
     </span>
    </p>

    <p class='ocr_par' dir='ltr' id='par_1_7' title="bbox 235 1918 1335 2265">
     <span class='ocr_line' id='line_1_19' title="bbox 236 1918 1335 1996; baseline -0.001 -18"><span class='ocrx_word' id='word_1_136' title='bbox 236 1938 290 1978; x_wconf 90' lang='lat' dir='ltr'><strong>nec</strong></span> <span class='ocrx_word' id='word_1_137' title='bbox 308 1939 327 1978; x_wconf 89' lang='lat' dir='ltr'><strong>a</strong></span> <span class='ocrx_word' id='word_1_138' title='bbox 345 1919 526 1979; x_wconf 88' lang='lat' dir='ltr'><strong>salutaribus</strong></span> <span class='ocrx_word' id='word_1_139' title='bbox 545 1919 605 1977; x_wconf 88' lang='lat' dir='ltr'><strong>tuis</strong></span> <span class='ocrx_word' id='word_1_140' title='bbox 624 1918 740 1996; x_wconf 84' lang='lat' dir='ltr'><strong>legibus</strong></span> <span class='ocrx_word' id='word_1_141' title='bbox 755 1919 903 1978; x_wconf 84' lang='lat' dir='ltr'><strong>exorbitat</strong></span> <span class='ocrx_word' id='word_1_142' title='bbox 922 1919 1011 1978; x_wconf 88' lang='lat' dir='ltr'><strong>etiam</strong></span> <span class='ocrx_word' id='word_1_143' title='bbox 1031 1920 1133 1978; x_wconf 86' lang='lat' dir='ltr'><strong>consul</strong></span> <span class='ocrx_word' id='word_1_144' title='bbox 1151 1923 1253 1980; x_wconf 83' lang='lat' dir='ltr'><strong>noster</strong></span> <span class='ocrx_word' id='word_1_145' title='bbox 1328 1955 1335 1992; x_wconf 76' lang='lat'><strong>,</strong></span> 
     </span>
     <span class='ocr_line' id='line_1_20' title="bbox 236 2007 1251 2082; baseline 0.001 -14"><span class='ocrx_word' id='word_1_146' title='bbox 236 2008 414 2068; x_wconf 87' lang='lat' dir='ltr'><strong>Postumius.</strong></span> <span class='ocrx_word' id='word_1_147' title='bbox 469 2009 547 2066; x_wconf 85' lang='lat' dir='ltr'><strong>Nam</strong></span> <span class='ocrx_word' id='word_1_148' title='bbox 585 2008 662 2066; x_wconf 89' lang='lat' dir='ltr'><strong>sicut</strong></span> <span class='ocrx_word' id='word_1_149' title='bbox 697 2008 728 2066; x_wconf 90' lang='lat' dir='ltr'><strong>in</strong></span> <span class='ocrx_word' id='word_1_150' title='bbox 764 2008 849 2067; x_wconf 90' lang='lat' dir='ltr'><strong>libris</strong></span> <span class='ocrx_word' id='word_1_151' title='bbox 886 2007 1043 2068; x_wconf 87' lang='lat' dir='ltr'><strong>annalibus</strong></span> <span class='ocrx_word' id='word_1_152' title='bbox 1074 2010 1251 2082; x_wconf 78' lang='lat' dir='ltr'><strong>invenimus,</strong></span> 
     </span>
     <span class='ocr_line' id='line_1_21' title="bbox 235 2092 1294 2175; baseline 0.001 -19"><span class='ocrx_word' id='word_1_153' title='bbox 235 2098 501 2157; x_wconf 78' lang='lat' dir='ltr'><strong>Bacchanaliorum</strong></span> <span class='ocrx_word' id='word_1_154' title='bbox 539 2097 651 2157; x_wconf 88' lang='lat' dir='ltr'><strong>scelera</strong></span> <span class='ocrx_word' id='word_1_155' title='bbox 687 2092 860 2175; x_wconf 82' lang='lat' dir='ltr'><strong>&lt;Ae&gt;butio</strong></span> <span class='ocrx_word' id='word_1_156' title='bbox 898 2097 1027 2173; x_wconf 88' lang='lat' dir='ltr'><strong>quodam</strong></span> <span class='ocrx_word' id='word_1_157' title='bbox 1064 2097 1294 2158; x_wconf 78' lang='lat' dir='ltr'><strong>adulescentem</strong></span> 
     </span>
     <span class='ocr_line' id='line_1_22' title="bbox 236 2185 1252 2265; baseline 0 -21"><span class='ocrx_word' id='word_1_158' title='bbox 236 2187 384 2245; x_wconf 88' lang='lat' dir='ltr'><strong>deferente</strong></span> <span class='ocrx_word' id='word_1_159' title='bbox 404 2185 520 2245; x_wconf 87' lang='lat' dir='ltr'><strong>detecta</strong></span> <span class='ocrx_word' id='word_1_160' title='bbox 545 2188 623 2244; x_wconf 91' lang='lat' dir='ltr'><strong>sunt.</strong></span> <span class='ocrx_word' id='word_1_161' title='bbox 661 2187 758 2245; x_wconf 79' lang='lat' dir='ltr'><strong>Erant</strong></span> <span class='ocrx_word' id='word_1_162' title='bbox 776 2186 872 2245; x_wconf 88' lang='lat' dir='ltr'><strong>adhuc</strong></span> <span class='ocrx_word' id='word_1_163' title='bbox 890 2186 923 2244; x_wconf 89' lang='lat' dir='ltr'><strong>in</strong></span> <span class='ocrx_word' id='word_1_164' title='bbox 941 2186 1013 2245; x_wconf 91' lang='lat' dir='ltr'><strong>urbe</strong></span> <span class='ocrx_word' id='word_1_165' title='bbox 1027 2187 1123 2245; x_wconf 86' lang='lat' dir='ltr'><strong>Roma</strong></span> <span class='ocrx_word' id='word_1_166' title='bbox 1140 2187 1252 2265; x_wconf 85' lang='lat' dir='ltr'><strong>integri</strong></span> 
     </span>
    </p>
   </div>
   <div class='ocr_carea' id='block_1_3' title="bbox 327 2338 536 2405">
    <p class='ocr_par' dir='ltr' id='par_1_8' title="bbox 327 2338 536 2405">
     <span class='ocr_line' id='line_1_23' title="bbox 327 2338 536 2405; baseline 0 -13"><span class='ocrx_word' id='word_1_167' title='bbox 327 2338 363 2393; x_wconf 80' lang='lat'><strong>12</strong></span> <span class='ocrx_word' id='word_1_168' title='bbox 381 2339 418 2394; x_wconf 85' lang='lat' dir='ltr'><strong>Il.</strong></span> <span class='ocrx_word' id='word_1_169' title='bbox 435 2343 536 2405; x_wconf 85' lang='lat'><strong>6,135.</strong></span> 
     </span>
    </p>
   </div>
   <div class='ocr_carea' id='block_1_4' title="bbox 231 2481 1252 3477">
    <p class='ocr_par' dir='ltr' id='par_1_9' title="bbox 231 2481 1252 3477">
     <span class='ocr_line' id='line_1_24' title="bbox 326 2481 1250 2551; baseline -0.002 -16"><span class='ocrx_word' id='word_1_170' title='bbox 326 2482 341 2535; x_wconf 93' lang='lat'>1</span> <span class='ocrx_word' id='word_1_171' title='bbox 363 2482 541 2550; x_wconf 65' lang='lat' dir='ltr'><strong>strupoer.</strong></span> <span class='ocrx_word' id='word_1_172' title='bbox 606 2481 624 2535; x_wconf 78' lang='lat'><strong>3</strong></span> <span class='ocrx_word' id='word_1_173' title='bbox 644 2481 849 2551; x_wconf 86' lang='lat' dir='ltr'><strong>desperationis</strong></span> <span class='ocrx_word' id='word_1_174' title='bbox 864 2498 906 2550; x_wconf 89' lang='lat' dir='ltr'><strong>pr,</strong></span> <span class='ocrx_word' id='word_1_175' title='bbox 926 2483 960 2548; x_wconf 73' lang='lat' dir='ltr'><strong>cl.</strong></span> <span class='ocrx_word' id='word_1_176' title='bbox 975 2485 1068 2547; x_wconf 77' lang='lat'><em>20‚20</em></span> <span class='ocrx_word' id='word_1_177' title='bbox 1086 2488 1111 2535; x_wconf 84' lang='lat' dir='ltr'><strong>et</strong></span> <span class='ocrx_word' id='word_1_178' title='bbox 1130 2481 1167 2535; x_wconf 85' lang='lat' dir='ltr'><strong>ad</strong></span> <span class='ocrx_word' id='word_1_179' title='bbox 1186 2485 1211 2547; x_wconf 87' lang='lat'><strong>6,</strong></span> <span class='ocrx_word' id='word_1_180' title='bbox 1225 2487 1250 2534; x_wconf 76' lang='lat'><strong>4.</strong></span> 
     </span>
     <span class='ocr_line' id='line_1_25' title="bbox 235 2550 1252 2623; baseline 0 -18"><span class='ocrx_word' id='word_1_181' title='bbox 235 2550 254 2605; x_wconf 81' lang='lat'>4</span> <span class='ocrx_word' id='word_1_182' title='bbox 274 2552 432 2607; x_wconf 88' lang='lat' dir='ltr'><strong>vinonettos</strong></span> <span class='ocrx_word' id='word_1_183' title='bbox 446 2553 480 2619; x_wconf 87' lang='lat' dir='ltr'><strong>P,</strong></span> <span class='ocrx_word' id='word_1_184' title='bbox 499 2569 546 2606; x_wconf 83' lang='lat' dir='ltr'><strong>em.</strong></span> <span class='ocrx_word' id='word_1_185' title='bbox 563 2554 613 2607; x_wconf 77' lang='lat' dir='ltr'><strong>Fr.</strong></span> <span class='ocrx_word' id='word_1_186' title='bbox 687 2554 712 2607; x_wconf 86' lang='lat' dir='ltr'><strong>d.</strong></span> <span class='ocrx_word' id='word_1_187' title='bbox 724 2571 754 2622; x_wconf 85' lang='lat' dir='ltr'><strong>p.</strong></span> <span class='ocrx_word' id='word_1_188' title='bbox 770 2569 850 2606; x_wconf 88' lang='lat' dir='ltr'><strong>senes</strong></span> <span class='ocrx_word' id='word_1_189' title='bbox 864 2553 929 2608; x_wconf 81' lang='lat' dir='ltr'><strong>cdd.</strong></span> <span class='ocrx_word' id='word_1_190' title='bbox 1013 2552 1151 2623; x_wconf 79' lang='lat' dir='ltr'><strong>pcederdr·</strong></span> <span class='ocrx_word' id='word_1_191' title='bbox 1166 2552 1203 2605; x_wconf 82' lang='lat' dir='ltr'><strong>Et</strong></span> <span class='ocrx_word' id='word_1_192' title='bbox 1217 2555 1252 2618; x_wconf 87' lang='lat' dir='ltr'><strong>P,</strong></span> 
     </span>
     <span class='ocr_line' id='line_1_26' title="bbox 235 2623 1251 2694; baseline -0.001 -17"><span class='ocrx_word' id='word_1_193' title='bbox 235 2641 282 2678; x_wconf 78' lang='lat' dir='ltr'><strong>erre.</strong></span> <span class='ocrx_word' id='word_1_194' title='bbox 299 2625 355 2678; x_wconf 80' lang='lat' dir='ltr'><strong>Bc.</strong></span> <span class='ocrx_word' id='word_1_195' title='bbox 428 2623 538 2678; x_wconf 76' lang='lat' dir='ltr'><strong>dteter</strong></span> <span class='ocrx_word' id='word_1_196' title='bbox 552 2625 585 2679; x_wconf 92' lang='lat' dir='ltr'><strong>P.</strong></span> <span class='ocrx_word' id='word_1_197' title='bbox 663 2624 817 2694; x_wconf 77' lang='lat' dir='ltr'><strong>dpecudis</strong></span> <span class='ocrx_word' id='word_1_198' title='bbox 827 2642 872 2694; x_wconf 82' lang='lat' dir='ltr'><strong>pr.</strong></span> <span class='ocrx_word' id='word_1_199' title='bbox 951 2624 1012 2678; x_wconf 77' lang='lat' dir='ltr'><strong>td.</strong></span> <span class='ocrx_word' id='word_1_200' title='bbox 1023 2641 1053 2692; x_wconf 82' lang='lat' dir='ltr'><strong>p.</strong></span> <span class='ocrx_word' id='word_1_201' title='bbox 1068 2639 1167 2693; x_wconf 88' lang='lat' dir='ltr'><strong>rupem</strong></span> <span class='ocrx_word' id='word_1_202' title='bbox 1186 2625 1251 2678; x_wconf 82' lang='lat' dir='ltr'><strong>odd.</strong></span> 
     </span>
     <span class='ocr_line' id='line_1_27' title="bbox 235 2695 1251 2765; baseline 0 -17"><span class='ocrx_word' id='word_1_203' title='bbox 235 2696 301 2748; x_wconf 77' lang='lat' dir='ltr'><strong>rut</strong></span> <span class='ocrx_word' id='word_1_204' title='bbox 313 2697 393 2750; x_wconf 62' lang='lat' dir='ltr'><strong>hoba</strong></span> <span class='ocrx_word' id='word_1_205' title='bbox 405 2696 439 2761; x_wconf 90' lang='lat' dir='ltr'><strong>P,</strong></span> <span class='ocrx_word' id='word_1_206' title='bbox 449 2713 595 2764; x_wconf 80' lang='lat' dir='ltr'><strong>perperam</strong></span> <span class='ocrx_word' id='word_1_207' title='bbox 610 2697 640 2748; x_wconf 88' lang='lat' dir='ltr'><strong>at</strong></span> <span class='ocrx_word' id='word_1_208' title='bbox 655 2698 702 2749; x_wconf 80' lang='lat' dir='ltr'><strong>Bu</strong></span> <span class='ocrx_word' id='word_1_209' title='bbox 712 2697 769 2750; x_wconf 87' lang='lat' dir='ltr'><strong>Ha.</strong></span> <span class='ocrx_word' id='word_1_210' title='bbox 810 2695 846 2749; x_wconf 79' lang='lat'><strong>12</strong></span> <span class='ocrx_word' id='word_1_211' title='bbox 861 2697 889 2749; x_wconf 87' lang='lat' dir='ltr'><strong>ot</strong></span> <span class='ocrx_word' id='word_1_212' title='bbox 898 2697 982 2764; x_wconf 81' lang='lat' dir='ltr'><strong>prius</strong></span> <span class='ocrx_word' id='word_1_213' title='bbox 995 2712 1046 2750; x_wconf 89' lang='lat' dir='ltr'><strong>om.</strong></span> <span class='ocrx_word' id='word_1_214' title='bbox 1052 2714 1097 2765; x_wconf 83' lang='lat' dir='ltr'><strong>pr.</strong></span> <span class='ocrx_word' id='word_1_215' title='bbox 1136 2695 1172 2748; x_wconf 75' lang='lat'><strong>13</strong></span> <span class='ocrx_word' id='word_1_216' title='bbox 1186 2696 1213 2748; x_wconf 84' lang='lat' dir='ltr'><strong>d.</strong></span> <span class='ocrx_word' id='word_1_217' title='bbox 1220 2713 1251 2764; x_wconf 83' lang='lat' dir='ltr'><strong>p.</strong></span> 
     </span>
     <span class='ocr_line' id='line_1_28' title="bbox 236 2763 1249 2836; baseline 0 -17"><span class='ocrx_word' id='word_1_218' title='bbox 236 2766 381 2836; x_wconf 80' lang='lat' dir='ltr'><strong>detegeret</strong></span> <span class='ocrx_word' id='word_1_219' title='bbox 399 2766 463 2820; x_wconf 85' lang='lat' dir='ltr'><strong>add.</strong></span> <span class='ocrx_word' id='word_1_220' title='bbox 557 2763 595 2819; x_wconf 79' lang='lat'><strong>14</strong></span> <span class='ocrx_word' id='word_1_221' title='bbox 614 2769 762 2822; x_wconf 81' lang='grc' dir='ltr'>ΦΟΒΗΘΙ(</span> <span class='ocrx_word' id='word_1_222' title='bbox 781 2768 813 2822; x_wconf 88' lang='lat' dir='ltr'><strong>P.</strong></span> <span class='ocrx_word' id='word_1_223' title='bbox 903 2767 939 2821; x_wconf 82' lang='lat' dir='ltr'><strong>lt</strong></span> <span class='ocrx_word' id='word_1_224' title='bbox 959 2769 1074 2822; x_wconf 69' lang='grc' dir='ltr'>ΔΥΕΕΝ</span> <span class='ocrx_word' id='word_1_225' title='bbox 1093 2770 1128 2834; x_wconf 90' lang='lat' dir='ltr'><strong>P,</strong></span> <span class='ocrx_word' id='word_1_226' title='bbox 1148 2763 1249 2822; x_wconf 78' lang='grc' dir='ltr'><strong>δύσεθ’</strong></span> 
     </span>
     <span class='ocr_line' id='line_1_29' title="bbox 235 2837 1250 2894; baseline -0.001 -2"><span class='ocrx_word' id='word_1_227' title='bbox 235 2854 296 2892; x_wconf 79' lang='lat' dir='ltr'><strong>eom</strong></span> <span class='ocrx_word' id='word_1_228' title='bbox 312 2838 361 2892; x_wconf 89' lang='lat' dir='ltr'><strong>Wo</strong></span> <span class='ocrx_word' id='word_1_229' title='bbox 380 2838 439 2891; x_wconf 83' lang='lat' dir='ltr'><strong>edd.</strong></span> <span class='ocrx_word' id='word_1_230' title='bbox 455 2854 526 2892; x_wconf 80' lang='lat' dir='ltr'><strong>ome.</strong></span> <span class='ocrx_word' id='word_1_231' title='bbox 592 2839 719 2892; x_wconf 89' lang='grc' dir='ltr'>ΚΟΛΙΠΩ</span> <span class='ocrx_word' id='word_1_232' title='bbox 739 2840 772 2893; x_wconf 92' lang='lat' dir='ltr'><strong>P.</strong></span> <span class='ocrx_word' id='word_1_233' title='bbox 858 2837 895 2892; x_wconf 82' lang='lat' dir='ltr'><strong>lo</strong></span> <span class='ocrx_word' id='word_1_234' title='bbox 914 2840 1055 2894; x_wconf 92' lang='grc' dir='ltr'>ΔΙΔΙΟΤΑ</span> <span class='ocrx_word' id='word_1_235' title='bbox 1070 2841 1103 2892; x_wconf 92' lang='lat' dir='ltr'><strong>P.</strong></span> <span class='ocrx_word' id='word_1_236' title='bbox 1169 2839 1250 2892; x_wconf 87' lang='grc' dir='ltr'>ΑΝΑ-</span> 
     </span>
     <span class='ocr_line' id='line_1_30' title="bbox 236 2907 1252 2978; baseline 0 -14"><span class='ocrx_word' id='word_1_237' title='bbox 236 2910 299 2964; x_wconf 72' lang='lat' dir='ltr'><strong>Po(</strong></span> <span class='ocrx_word' id='word_1_238' title='bbox 318 2911 351 2963; x_wconf 94' lang='lat' dir='ltr'><strong>P.</strong></span> <span class='ocrx_word' id='word_1_239' title='bbox 432 2909 468 2962; x_wconf 84' lang='lat' dir='ltr'><strong>ltl</strong></span> <span class='ocrx_word' id='word_1_240' title='bbox 487 2907 559 2962; x_wconf 85' lang='lat' dir='ltr'><strong>Livii</strong></span> <span class='ocrx_word' id='word_1_241' title='bbox 573 2926 627 2977; x_wconf 87' lang='lat' dir='ltr'><strong>pro</strong></span> <span class='ocrx_word' id='word_1_242' title='bbox 646 2907 726 2962; x_wconf 89' lang='lat' dir='ltr'><strong>libris</strong></span> <span class='ocrx_word' id='word_1_243' title='bbox 748 2909 797 2975; x_wconf 75' lang='lat' dir='ltr'><strong>(ir,</strong></span> <span class='ocrx_word' id='word_1_244' title='bbox 817 2912 889 2978; x_wconf 77' lang='lat' dir='ltr'><strong>quod</strong></span> <span class='ocrx_word' id='word_1_245' title='bbox 907 2912 1112 2964; x_wconf 74' lang='lat' dir='ltr'><strong>commendatur</strong></span> <span class='ocrx_word' id='word_1_246' title='bbox 1129 2926 1159 2964; x_wconf 88' lang='lat' dir='ltr'><strong>eo</strong></span> <span class='ocrx_word' id='word_1_247' title='bbox 1178 2909 1252 2977; x_wconf 78' lang='lat' dir='ltr'><strong>quod</strong></span> 
     </span>
     <span class='ocr_line' id='line_1_31' title="bbox 236 2981 1249 3049; baseline -0.003 -14"><span class='ocrx_word' id='word_1_248' title='bbox 236 2982 267 3036; x_wconf 79' lang='lat' dir='ltr'><strong>io</strong></span> <span class='ocrx_word' id='word_1_249' title='bbox 291 2981 413 3034; x_wconf 79' lang='lat' dir='ltr'><strong>Matheoe&#39;</strong></span> <span class='ocrx_word' id='word_1_250' title='bbox 435 2981 590 3036; x_wconf 78' lang='lat' dir='ltr'><strong>Pirmicerm</strong></span> <span class='ocrx_word' id='word_1_251' title='bbox 616 2981 698 3034; x_wconf 79' lang='lat' dir='ltr'><strong>Livio</strong></span> <span class='ocrx_word' id='word_1_252' title='bbox 722 2988 830 3034; x_wconf 77' lang='lat' dir='ltr'><strong>auctore</strong></span> <span class='ocrx_word' id='word_1_253' title='bbox 854 2998 934 3036; x_wconf 77' lang='lat' dir='ltr'><strong>etcum</strong></span> <span class='ocrx_word' id='word_1_254' title='bbox 957 2999 1010 3036; x_wconf 83' lang='lat' dir='ltr'><strong>esse</strong></span> <span class='ocrx_word' id='word_1_255' title='bbox 1034 2983 1085 3036; x_wconf 89' lang='lat' dir='ltr'><strong>Mo</strong></span> <span class='ocrx_word' id='word_1_256' title='bbox 1103 2999 1133 3049; x_wconf 81' lang='lat' dir='ltr'><strong>p.</strong></span> <span class='ocrx_word' id='word_1_257' title='bbox 1149 2986 1249 3048; x_wconf 64' lang='lat' dir='ltr'><strong>rosqq.</strong></span> 
     </span>
     <span class='ocr_line' id='line_1_32' title="bbox 231 3049 1252 3120; baseline -0.002 -14"><span class='ocrx_word' id='word_1_258' title='bbox 231 3052 369 3120; x_wconf 77' lang='lat' dir='ltr'><strong>probavit.</strong></span> <span class='ocrx_word' id='word_1_259' title='bbox 425 3051 461 3105; x_wconf 74' lang='lat'><strong>20</strong></span> <span class='ocrx_word' id='word_1_260' title='bbox 481 3050 688 3105; x_wconf 85' lang='lat' dir='ltr'><strong>Bachanalioni</strong></span> <span class='ocrx_word' id='word_1_261' title='bbox 707 3053 740 3104; x_wconf 92' lang='lat' dir='ltr'><strong>P.</strong></span> <span class='ocrx_word' id='word_1_262' title='bbox 789 3049 892 3105; x_wconf 83' lang='lat' dir='ltr'><strong>&#39;butio</strong></span> <span class='ocrx_word' id='word_1_263' title='bbox 910 3054 950 3106; x_wconf 70' lang='grc' dir='ltr'><strong>ιιι</strong></span> <span class='ocrx_word' id='word_1_264' title='bbox 965 3053 999 3119; x_wconf 90' lang='lat' dir='ltr'><strong>P,</strong></span> <span class='ocrx_word' id='word_1_265' title='bbox 1018 3059 1049 3106; x_wconf 80' lang='lat' dir='ltr'><strong>ert</strong></span> <span class='ocrx_word' id='word_1_266' title='bbox 1068 3053 1167 3106; x_wconf 78' lang='lat' dir='ltr'><strong>lineola</strong></span> <span class='ocrx_word' id='word_1_267' title='bbox 1186 3057 1252 3104; x_wconf 78' lang='lat' dir='ltr'><strong>orte</strong></span> 
     </span>
     <span class='ocr_line' id='line_1_33' title="bbox 236 3121 1252 3191; baseline 0 -16"><span class='ocrx_word' id='word_1_268' title='bbox 236 3121 254 3175; x_wconf 90' lang='lat' dir='ltr'>b</span> <span class='ocrx_word' id='word_1_269' title='bbox 274 3125 364 3191; x_wconf 78' lang='lat' dir='ltr'><strong>poerit</strong></span> <span class='ocrx_word' id='word_1_270' title='bbox 391 3139 444 3178; x_wconf 79' lang='lat' dir='ltr'><strong>esse</strong></span> <span class='ocrx_word' id='word_1_271' title='bbox 471 3125 551 3178; x_wconf 81' lang='lat' dir='ltr'><strong>hosta</strong></span> <span class='ocrx_word' id='word_1_272' title='bbox 579 3131 737 3178; x_wconf 78' lang='lat' dir='ltr'><strong>transverso</strong></span> <span class='ocrx_word' id='word_1_273' title='bbox 763 3125 889 3191; x_wconf 65' lang='lat' dir='ltr'><strong>repertor</strong></span> <span class='ocrx_word' id='word_1_274' title='bbox 912 3123 1016 3178; x_wconf 76' lang='lat' dir='ltr'><strong>litterae</strong></span> <span class='ocrx_word' id='word_1_275' title='bbox 1039 3124 1058 3177; x_wconf 88' lang='grc' dir='ltr'>Ε</span> <span class='ocrx_word' id='word_1_276' title='bbox 1081 3125 1112 3176; x_wconf 79' lang='lat' dir='ltr'><strong>irc</strong></span> <span class='ocrx_word' id='word_1_277' title='bbox 1131 3122 1252 3188; x_wconf 77' lang='lat' dir='ltr'><strong>exemplo</strong></span> 
     </span>
     <span class='ocr_line' id='line_1_34' title="bbox 237 3195 1252 3263; baseline -0.001 -16"><span class='ocrx_word' id='word_1_278' title='bbox 237 3195 348 3249; x_wconf 81' lang='lat' dir='ltr'><strong>librarii</strong></span> <span class='ocrx_word' id='word_1_279' title='bbox 361 3195 492 3249; x_wconf 76' lang='lat' dir='ltr'><strong>Palatini</strong></span> <span class='ocrx_word' id='word_1_280' title='bbox 504 3197 620 3261; x_wconf 81' lang='lat' dir='ltr'><strong>fortasse</strong></span> <span class='ocrx_word' id='word_1_281' title='bbox 634 3212 690 3249; x_wconf 77' lang='lat' dir='ltr'><strong>reon</strong></span> <span class='ocrx_word' id='word_1_282' title='bbox 703 3196 773 3249; x_wconf 82' lang='lat' dir='ltr'><strong>sotis</strong></span> <span class='ocrx_word' id='word_1_283' title='bbox 791 3195 917 3248; x_wconf 77' lang='lat' dir='ltr'><strong>distincte</strong></span> <span class='ocrx_word' id='word_1_284' title='bbox 935 3196 1067 3263; x_wconf 55' lang='lat' dir='ltr'><strong>comptam</strong></span> <span class='ocrx_word' id='word_1_285' title='bbox 1085 3209 1252 3262; x_wconf 75' lang='lat' dir='ltr'><strong>quamquam</strong></span> 
     </span>
     <span class='ocr_line' id='line_1_35' title="bbox 236 3265 1252 3332; baseline 0 -12"><span class='ocrx_word' id='word_1_286' title='bbox 236 3266 392 3320; x_wconf 79' lang='lat' dir='ltr'><strong>maiuscula</strong></span> <span class='ocrx_word' id='word_1_287' title='bbox 415 3267 506 3320; x_wconf 79' lang='lat' dir='ltr'><strong>littero</strong></span> <span class='ocrx_word' id='word_1_288' title='bbox 529 3269 605 3321; x_wconf 75' lang='lat' dir='ltr'><strong>cntra</strong></span> <span class='ocrx_word' id='word_1_289' title='bbox 626 3268 788 3322; x_wconf 61' lang='lat' dir='ltr'><strong>sermotiem</strong></span> <span class='ocrx_word' id='word_1_290' title='bbox 811 3272 884 3320; x_wconf 80' lang='lat' dir='ltr'><strong>stare</strong></span> <span class='ocrx_word' id='word_1_291' title='bbox 906 3266 955 3319; x_wconf 78' lang='lat' dir='ltr'><strong>oie</strong></span> <span class='ocrx_word' id='word_1_292' title='bbox 973 3267 1074 3332; x_wconf 79' lang='lat' dir='ltr'><strong>potuit,</strong></span> <span class='ocrx_word' id='word_1_293' title='bbox 1097 3266 1154 3320; x_wconf 79' lang='lat' dir='ltr'><strong>oiri</strong></span> <span class='ocrx_word' id='word_1_294' title='bbox 1180 3265 1252 3330; x_wconf 85' lang='lat' dir='ltr'><strong>forte</strong></span> 
     </span>
     <span class='ocr_line' id='line_1_36' title="bbox 236 3335 1252 3408; baseline 0 -18"><span class='ocrx_word' id='word_1_295' title='bbox 236 3337 395 3391; x_wconf 59' lang='lat' dir='ltr'><strong>urnalibus</strong></span> <span class='ocrx_word' id='word_1_296' title='bbox 423 3338 518 3391; x_wconf 80' lang='lat' dir='ltr'><strong>litteris</strong></span> <span class='ocrx_word' id='word_1_297' title='bbox 541 3339 613 3392; x_wconf 76' lang='lat' dir='ltr'><strong>illud</strong></span> <span class='ocrx_word' id='word_1_298' title='bbox 640 3339 791 3408; x_wconf 79' lang='lat' dir='ltr'><strong>exemplum</strong></span> <span class='ocrx_word' id='word_1_299' title='bbox 814 3338 871 3403; x_wconf 79' lang='lat' dir='ltr'><strong>fuit</strong></span> <span class='ocrx_word' id='word_1_300' title='bbox 892 3337 1031 3404; x_wconf 76' lang='lat' dir='ltr'><strong>acceptum.</strong></span> <span class='ocrx_word' id='word_1_301' title='bbox 1069 3335 1172 3389; x_wconf 81' lang='lat' dir='ltr'><strong>Ebutio</strong></span> <span class='ocrx_word' id='word_1_302' title='bbox 1198 3337 1252 3403; x_wconf 79' lang='lat' dir='ltr'><strong>Fr,</strong></span> 
     </span>
     <span class='ocr_line' id='line_1_37' title="bbox 236 3407 836 3477; baseline 0 -16"><span class='ocrx_word' id='word_1_303' title='bbox 236 3407 358 3462; x_wconf 88' lang='lat' dir='ltr'><strong>Aebutio</strong></span> <span class='ocrx_word' id='word_1_304' title='bbox 372 3410 483 3477; x_wconf 79' lang='lat' dir='ltr'><strong>primus</strong></span> <span class='ocrx_word' id='word_1_305' title='bbox 504 3409 547 3474; x_wconf 88' lang='lat' dir='ltr'><strong>Oe,</strong></span> <span class='ocrx_word' id='word_1_306' title='bbox 567 3410 602 3474; x_wconf 80' lang='lat' dir='ltr'><strong>cf.</strong></span> <span class='ocrx_word' id='word_1_307' title='bbox 618 3409 679 3464; x_wconf 81' lang='lat' dir='ltr'><strong>Le&#39;o.</strong></span> <span class='ocrx_word' id='word_1_308' title='bbox 696 3414 740 3476; x_wconf 84' lang='lat'><strong>39,</strong></span> <span class='ocrx_word' id='word_1_309' title='bbox 755 3413 836 3477; x_wconf 81' lang='lat' dir='ltr'><strong>9cqq.</strong></span> 
     </span>
    </p>
   </div>
   <div class='ocr_carea' id='block_1_5' title="bbox 235 3548 1251 3689">
    <p class='ocr_par' dir='ltr' id='par_1_10' title="bbox 235 3548 1251 3689">
     <span class='ocr_line' id='line_1_38' title="bbox 325 3548 1251 3618; baseline -0.002 -15"><span class='ocrx_word' id='word_1_310' title='bbox 325 3549 343 3603; x_wconf 75' lang='grc'>2</span> <span class='ocrx_word' id='word_1_311' title='bbox 363 3549 750 3605; x_wconf 77' lang='lat' dir='ltr'><strong>Mate.LXXXJXr1112</strong></span> <span class='ocrx_word' id='word_1_312' title='bbox 773 3567 838 3604; x_wconf 88' lang='lat' dir='ltr'><strong>curn</strong></span> <span class='ocrx_word' id='word_1_313' title='bbox 865 3549 988 3604; x_wconf 83' lang='lat' dir='ltr'><strong>maxima</strong></span> <span class='ocrx_word' id='word_1_314' title='bbox 1016 3549 1104 3602; x_wconf 85' lang='lat' dir='ltr'><strong>animi</strong></span> <span class='ocrx_word' id='word_1_315' title='bbox 1126 3548 1251 3618; x_wconf 88' lang='lat' dir='ltr'><strong>trepida-</strong></span> 
     </span>
     <span class='ocr_line' id='line_1_39' title="bbox 235 3621 1251 3689; baseline -0.002 -15"><span class='ocrx_word' id='word_1_316' title='bbox 235 3621 321 3682; x_wconf 77' lang='lat' dir='ltr'><strong>tione.</strong></span> <span class='ocrx_word' id='word_1_317' title='bbox 341 3624 375 3689; x_wconf 80' lang='lat' dir='ltr'><strong>ef.</strong></span> <span class='ocrx_word' id='word_1_318' title='bbox 391 3622 437 3676; x_wconf 86' lang='lat' dir='ltr'><strong>Kr</strong></span> <span class='ocrx_word' id='word_1_319' title='bbox 455 3627 480 3676; x_wconf 84' lang='lat' dir='ltr'><strong>et</strong></span> <span class='ocrx_word' id='word_1_320' title='bbox 497 3621 543 3688; x_wconf 80' lang='lat' dir='ltr'><strong>St,</strong></span> <span class='ocrx_word' id='word_1_321' title='bbox 557 3623 651 3675; x_wconf 73' lang='lat' dir='ltr'><strong>Heme.</strong></span> <span class='ocrx_word' id='word_1_322' title='bbox 663 3621 774 3675; x_wconf 88' lang='lat' dir='ltr'><strong><em>XXIX</em></strong></span> <span class='ocrx_word' id='word_1_323' title='bbox 787 3627 848 3677; x_wconf 84' lang='lat'><em>523.</em></span> <span class='ocrx_word' id='word_1_324' title='bbox 910 3622 927 3676; x_wconf 79' lang='lat' dir='ltr'><strong>t</strong></span> <span class='ocrx_word' id='word_1_325' title='bbox 948 3625 1074 3677; x_wconf 86' lang='lat' dir='ltr'><strong>ostenso:</strong></span> <span class='ocrx_word' id='word_1_326' title='bbox 1090 3622 1125 3687; x_wconf 78' lang='lat' dir='ltr'><strong>ef.</strong></span> <span class='ocrx_word' id='word_1_327' title='bbox 1142 3622 1192 3676; x_wconf 86' lang='lat' dir='ltr'><strong>Mo</strong></span> <span class='ocrx_word' id='word_1_328' title='bbox 1208 3624 1251 3673; x_wconf 88' lang='lat'><strong>11.</strong></span> 
     </span>
    </p>
   </div>
   <div class='ocr_carea' id='block_1_6' title="bbox 0 0 1354 4068">
    <p class='ocr_par' dir='ltr' id='par_1_11' title="bbox 0 0 1354 4068">
     <span class='ocr_line' id='line_1_40' title="bbox 0 0 1354 4068; baseline 0 0"><span class='ocrx_word' id='word_1_329' title='bbox 0 0 1354 4068; x_wconf 95' lang='lat' dir='ltr'><strong> </strong></span> 
     </span>
    </p>
   </div>
  </div>
 </body>
</html>
