2698 4068
340 196 389 250 DE
408 195 556 251 ERRORE
575 195 678 250 PROF.
692 195 773 250 ΗΕΒ.
793 194 869 250 GAP.
884 195 910 251 V
1091 195 1132 260 13

116 286 319 444 came
333 359 765 444 01ue<0>10r10<a>t00<a>
779 359 1227 443 ad<0>r<cupau>0rsocr

117 458 148 514 et
179 456 377 514 consecratur.
423 454 525 513 Tertia
557 457 649 513 etiam
679 473 750 530 pers
783 456 828 513 est
857 473 933 531 quae
960 456 992 512 in
1020 451 1168 530 asperis3

88 581 96 585 --
118 546 298 620 secretisque
316 545 474 604 silvarum·
495 546 658 622 agrestium
676 545 807 602 ferarum
827 545 1132 620 sortitur-imperium.

117 633 234 692 Ultima
274 651 344 708 pars
384 634 553 708 tripertitae
597 634 686 692 istius
732 631 887 692 divisionis
928 635 974 692 est
1015 626 1134 711 q<uae>

26 793 27 796 Ἴ
91 721 279 787 ilibidinum
301 725 380 796 vias,
410 741 486 798 quae
515 741 612 798 prava
641 722 801 795 desideria,
825 742 901 797 quae
923 725 1133 797 praeposterae
1334 733 1344 767 s

118 811 292 887 cupiditatis
337 813 484 870 monstrat
524 811 696 871 inlecebras.
763 811 834 870 Ideo
879 830 972 869 unum
1017 813 1133 887 partem

119 900 211 976 capiti
234 899 408 978 adsignant,
436 903 472 959 ut
495 901 630 975 ¹hominis
659 902 737 959 irem
769 899 987 976 quodammodo
1009 894 1134 979 <teue>

118 1009 149 1046 ro
173 990 318 1048 videatur.
354 990 457 1047 Aliam
474 991 507 1048 in
525 989 611 1048 corde
634 992 772 1048 statuunt
794 992 829 1048 ut
851 989 1036 1049 diversarum
1054 989 1134 1068 cogi-

118 1080 268 1138 tationum
294 1080 485 1154 varietatem,
513 1097 588 1158 quas
618 1079 780 1154 multiplici
808 1080 974 1137 intentione
1005 1080 1133 1154 concipi·
1152 1090 1200 1140 (8³)

78 1167 239 1241 10m11a,in
256 1167 378 1227 modum
397 1167 540 1227 silvarum
558 1172 659 1227 tenere
682 1168 829 1226 videatur.
866 1168 968 1226 Tertia
981 1187 1051 1243 pars
1066 1185 1133 1226 con·

119 1258 256 1315 stitrritur
292 1257 323 1314 in
359 1259 468 1330 iecore,
504 1256 584 1315 unde
620 1257 714 1316 libido
750 1256 883 1316 nascitur
919 1259 950 1314 et
985 1256 1133 1333 voluptas.

118 1345 186 1404 Illic
205 1346 284 1404 euim
302 1345 478 1422 genitalium
497 1346 644 1404 seminum
666 1347 792 1405 collecta
810 1345 989 1405 fecunditas·
1012 1348 1134 1405 nutura-

118 1435 197 1492 libus
243 1434 372 1493 stimulis
418 1433 594 1493 desiderium
640 1434 815 1511 cupiditatis
856 1437 997 1512 exagitet.
1057 1431 1170 1502 Quid4

210 1585 224 1638 1
238 1603 298 1654 sqq.
312 1588 346 1653 cf.
361 1586 427 1641 ΒΜ
437 1590 587 1641 279-284
601 1593 626 1639 et
636 1588 726 1654 praef.
741 1585 761 1657 ἕ
776 1592 802 1640 6.
821 1587 917 1642 Habes
929 1603 1017 1654 cupra
1031 1593 1135 1641 tectum

118 1659 154 1712 ab
172 1659 234 1725 ipsa
253 1658 365 1712 librarii
383 1675 468 1712 uranu
484 1659 617 1725 scriptum
635 1663 659 1711 et
677 1674 770 1712 versas
787 1658 935 1714 secundam
949 1659 1065 1713 codicem
1079 1659 1134 1712 dic·

115 1731 227 1798 pouces.
265 1728 397 1800 dicipulus
423 1730 528 1783 litterae
555 1745 624 1798 qaae
646 1735 716 1783 ceno
739 1730 871 1798 despicere
892 1746 949 1784 coa
968 1736 1135 1797 poteramus,

119 1803 198 1856 uude
215 1803 385 1856 inclusimus.
419 1801 550 1855 Priorum
568 1802 692 1854 lectiones
707 1817 812 1868 prauae
829 1802 873 1855 bic
891 1802 1042 1856 omittimus
1060 1808 1085 1856 et
1103 1819 1135 1856 ea

119 1877 228 1927 tectum
250 1889 320 1940 quae
342 1873 374 1926 iu
397 1872 487 1926 codice
505 1890 523 1925 u
543 1873 669 1926 remacius
688 1872 882 1927 recentioribus
898 1889 985 1940 supra
1003 1878 1135 1928 vetustam

119 1945 415 2084 meur
428 1950 493 2067 re
707 1959 805 2069 ress

119 2104 162 2157 eq.
234 2055 325 2140 ¹altera
341 2105 394 2155 pro
412 2087 497 2139 tertie
515 2086 548 2140 ci.
563 2087 621 2152 Bc,
636 2093 666 2140 ct
680 2087 772 2140 ‘tertio
787 2088 870 2142 etiam
884 2103 954 2154 parc
971 2088 997 2139 h.
1012 2104 1033 2142 e.
1048 2088 1136 2142 altera

117 2173 186 2225 pars
200 2159 290 2212 tertia'
305 2158 349 2212 Oe.
413 2158 431 2211 e
451 2157 586 2211 siluarum
600 2174 731 2227 agrorum
745 2157 868 2211 ferarum
882 2157 1046 2211 societatem
1061 2175 1135 2212 com-

119 2228 318 2301 prehenditur,
392 2227 411 2282 4
437 2230 464 2285 U
477 2248 520 2301 eq.
539 2232 552 2282 t
570 2230 704 2283 inchoans
721 2228 796 2283 vocis
815 2229 958 2301 tripertitq
976 2247 1008 2301 c,
1083 2230 1136 2283 tite

119 2299 202 2354 istius
221 2298 370 2356 diuisionis
390 2301 504 2372 qstimat
521 2320 552 2371 eq
629 2299 647 2353 t
666 2299 819 2354 libidinum
836 2299 900 2366 via,
918 2318 960 2371 err
1025 2300 1135 2355 deside-

120 2372 172 2438 ria,
197 2385 293 2439 quaeqs
317 2388 430 2441 sopores
448 2391 490 2442 eq.
591 2372 610 2425 6
629 2378 687 2426 tota
705 2373 733 2426 P
749 2373 888 2439 scriptura
907 2389 925 2426 a
943 2390 976 2442 π,
995 2378 1136 2439 reuocata,

3 2481 4 2492 ,
120 2459 189 2511 quac
212 2443 243 2495 in
265 2442 389 2496 tenebris
409 2443 514 2497 exbibet
528 2459 581 2510 pro
605 2442 761 2498 inlecebras
781 2449 806 2497 ct
827 2445 859 2497 iu
881 2445 1006 2513 marciae
1024 2443 1136 2499 Macae

121 2513 214 2580 sopori
237 2512 325 2567 addit.
417 2514 431 2567 7
457 2516 551 2568 omniu
569 2532 587 2566 a
610 2533 641 2586 a,
662 2521 801 2581 reuocata,
824 2515 871 2569 scd
889 2514 954 2568 Alis
973 2532 1026 2582 pro
1048 2514 1091 2570 irai
1110 2520 1136 2570 et

4 2629 5 2636 ,
120 2583 194 2638 renis
212 2599 263 2651 pre
282 2583 390 2656 (tens)
409 2591 435 2640 et
452 2601 481 2637 os
501 2585 565 2638 add.
580 2587 612 2639 ia
630 2603 681 2656 τηρ.
696 2587 723 2639 d.
792 2585 893 2656 capitis
913 2586 986 2657 Pa„
1007 2603 1056 2640 em.
1072 2589 1137 2643 Wo:

121 2671 160 2707 cm
177 2661 246 2730 recte
263 2672 290 2709 ce
303 2655 383 2710 babet
396 2654 518 2725 cupitis?
538 2654 699 2711 diauaubm
709 2659 833 2726 poetulat
846 2658 986 2713 distinctio
1000 2661 1136 2727 apposita.

122 2723 140 2779 8
159 2740 189 2780 se
202 2745 234 2797 π,
246 2743 305 2796 arcp.
316 2742 346 2779 re
360 2728 393 2781 Ρ.
439 2729 506 2780 ntur
520 2745 550 2798 n,
566 2743 627 2794 cup.
638 2728 787 2798 (vide)atur
797 2731 831 2783 P.
885 2729 915 2782 in
930 2729 1013 2782 corde
1027 2731 1137 2798 ponunt

122 2799 155 2850 ut
167 2796 268 2852 iccoris
282 2816 314 2869 cr,
330 2815 390 2866 sup.
405 2799 435 2852 in
450 2815 472 2852 c.
483 2799 612 2852 stetuunt
625 2799 658 2851 ut
672 2799 864 2870 divers(arum)
876 2799 908 2853 P.
974 2800 992 2854 9
1011 2819 1044 2872 rr,
1057 2828 1092 2847 =
1101 2803 1136 2858 P.

122 2867 160 2923 10
178 2888 210 2941 cr,
223 2895 256 2915 =
267 2870 301 2923 P.
362 2869 398 2923 11
418 2887 450 2940 ec,
463 2895 496 2914 =
508 2870 541 2935 P,
554 2870 601 2924 sed
620 2870 750 2924 -struitur
765 2888 817 2940 pre
836 2871 984 2926 -stituitur
1045 2871 1082 2926 12
1101 2891 1123 2927 er
1147 2920 1150 2926 ,

121 2943 200 3010 =P,
218 2942 265 2996 sed
283 2940 326 2994 itu
337 2958 390 3009 pro
409 2945 467 2995 sni.
508 2941 534 2994 d.
545 2958 575 3010 p.
590 2939 749 2996 fecunditas
765 2943 830 2997 odd.
895 2942 932 2998 18
951 2962 984 3014 ec,
996 2970 1031 2990 =
1041 2945 1075 3011 P,
1089 2909 1137 2999 aed

121 3013 240 3067 surculis
255 3028 309 3082 pro
328 3012 458 3068 stimulis.

210 3157 228 3210 3
245 3154 472 3212 Mati.01V⁰II
483 3160 518 3210 13
532 3162 557 3210 et
568 3154 636 3211 cV'
645 3157 665 3208 Ι
675 3158 727 3209 22:
741 3158 848 3210 secreta
861 3156 1002 3212 silvarum.
1017 3161 1138 3225 109‚18.·

120 3227 242 3281 ferarum
266 3231 405 3283 amatores
429 3231 457 3282 et
479 3242 549 3296 quos
573 3242 684 3295 semper
706 3225 838 3282 silvarum
858 3229 969 3284 deserta
987 3228 1136 3284 delectent.

122 3299 140 3353 t
159 3303 355 3368 praeposterae
375 3298 539 3369 cupiditatis
556 3341 597 3354 ...
612 3297 781 3353 inlecebrae:
799 3301 901 3355 similes
917 3303 972 3355 ioci
984 3302 1139 3356 creberrimi

123 3371 199 3438 apud
224 3371 387 3438 Firmiccm,
410 3372 443 3439 cf.
466 3373 515 3426 Mo
535 3389 564 3440 p.
581 3374 626 3424 18.
651 3370 697 3423 Kr
715 3371 734 3424 l.
748 3387 770 3424 c.
789 3378 815 3426 ct
832 3373 926 3426 Hem.
942 3372 1053 3426 XXIX
1073 3377 1136 3428 526.
1194 3373 1199 3380 “

123 3442 188 3495 RM
200 3446 266 3496 281.
330 3443 348 3497 9
370 3444 459 3498 Mari.
475 3447 567 3510 10,26
580 3441 682 3496 obtusa
695 3442 797 3496 mentis
814 3443 971 3497 intentione
984 3443 1136 3514 percipere.

124 3511 160 3566 12
178 3515 272 3638 glattiq.
287 3518 360 3581 94,6
379 3515 503 3567 omnium
521 3511 689 3585 genitalium
713 3513 851 3568 seminum
869 3513 1017 3569 collectam
1097 3516 1138 3569 fe-

122 3601 176 3639 cun
198 3584 239 3638 ita
269 3603 304 3639 m.
